2408 3826
473 175 689 240 ..45-

64 337 179 418 ῶσπερ
198 341 333 420 εἴπομεν
348 335 428 418 μετά
447 343 507 399 τοῦ
522 334 645 400 Ἰδαίου
664 342 725 398 τοῦ
743 333 821 400 υἱοῦ
836 335 939 399 αὐτοῦ
953 333 1008 400 καὶ
1026 343 1087 401 τοῦ

65 448 190 507 λοιποῦ
200 446 283 506 λαοῦ
294 440 398 506 αὐτοῦ
408 439 664 527 διαπεραιωθεὶς
678 443 726 517 εἰς
735 441 797 524 την
807 441 973 525 άνατολην
983 439 1088 526 εἰσέρ-

66 571 160 633 χεται
175 547 268 624 ἐντὸς
281 555 342 612 τοῦ
356 549 518 631 στόματος
532 555 593 612 τοῦ
608 555 728 612 στενοῦ
741 545 796 612 καὶ
811 545 973 631 ἐξέρχεται
987 551 1035 624 εἰς
1049 550 1087 614 ἓν

68 653 169 740 μέρος
192 663 250 738 της
272 661 332 736 γῆς
354 661 414 718 τού
429 651 682 736 Ἑλλησπόντου.
712 652 841 736 λέγεται
865 650 902 718 δὲ
938 684 980 736 ις’,
1008 685 1061 746 “⁶92
1085 687 1127 729 τοῦ

63 758 307 843 Ἑλλήσποντος
328 760 349 843 ἡ
373 758 437 826 άπὸ
465 767 523 843 της
545 761 691 836 Κυζίκου
720 757 814 844 μέχρι
842 767 903 824 τοῦ
923 752 1094 869 ‘fffflfssw
1107 756 1141 870 ‘f

67 866 157 931 κάτω
195 868 356 950 στόματος
393 873 454 930 τοῦ
490 873 611 930 στενοῦ
645 865 801 930 θάλασσα
837 865 902 930 άπὸ
948 838 1141 954 ςῇοἴςαεκάητάξα

68 972 185 1057 μύθου
208 971 228 1056 ἢ
253 972 400 1056 ἱστορίας
422 971 594 1054 τοιαύτης·
613 969 761 1055 Ἀθάμας
779 994 828 1047 τις
847 974 904 1054 βα·
947 965 1119 1024 ἙᾹᾸΝΜΝ·

67 1081 183 1155 σιλεὺς
209 1087 277 1142 τῶν
308 1081 431 1161 Θηβῶν
459 1071 525 1161 εἶχε
557 1087 699 1160 γυναῖκα
728 1075 976 1162 ὀνομαζομένην
1002 1075 1085 1143 Ἰνώ.

69 1185 128 1249 διά
151 1184 403 1270 προστάγματος
425 1192 510 1266 γοῦν
532 1193 590 1268 της
612 1190 695 1260 θεᾶς
717 1192 774 1267 της
789 1181 894 1269 Ἥρας
914 1185 1032 1268 ἥντινα
1056 1184 1092 1250 οἱ

69 1295 214 1356 Λατῖνοι
243 1294 417 1375 Ζουνόνεμ
445 1294 599 1371 καλοῦσι,
628 1289 747 1374 ἀφίησι
775 1291 899 1374 ταύτην
926 1288 981 1355 καὶ
1009 1296 1089 1376 λαμ·
1109 1306 1142 1356 10

70 1396 168 1480 βάνει
196 1399 301 1481 άλλην
333 1396 472 1481 ὀνόματι
499 1395 657 1480 Νεφέλην
689 1394 744 1462 καὶ
777 1396 932 1480 ἐποίησεν
964 1396 1000 1462 ἐκ
1031 1407 1089 1482 τῆς

71 1501 228 1587 Νεφέλης
250 1505 327 1570 υἱὸν
350 1502 410 1568 ἕνα
430 1503 567 1587 ὀνόματι
589 1502 714 1588 Φρίξον
737 1501 793 1567 καὶ
815 1502 986 1588 θυγατέρα
1009 1507 1089 1589 μίαν

68 1609 211 1694 ὀνόματι
226 1607 358 1693 Ἕλλην.
398 1609 499 1674 πάλιν
517 1603 581 1674 οὗν
599 1608 617 1674 δ
633 1603 780 1693 Ἀθάμας
795 1608 923 1694 έμίγετο
937 1622 1090 1695 κρυπτῶς

69 1717 153 1801 μετά
180 1724 237 1799 τῆς
260 1713 376 1792 Ἰνοῦς.
423 1716 504 1802 ὅπερ
537 1717 656 1780 ἰδοῦσα
688 1716 709 1799 ἡ
742 1715 878 1800 Νεφέλη
910 1714 967 1781 καὶ
999 1721 1090 1800 ζηλο-

71 1825 248 1906 τυπήσασα
273 1826 396 1905 ἔφυμεν
419 1827 644 1887 καταλιποῦσα
667 1825 746 1898 τοὺς
774 1822 874 1905 αὐτῆς
900 1823 1020 1898 παῖδας
1044 1826 1090 1900 είς

69 1931 131 1994 τὸν
156 1922 250 1993 οἷκον
272 1937 333 1992 τοῦ
357 1928 480 2014 ἀνδρὸς
503 1929 605 2013 αὐτῆς
624 1926 839 2014 Ἀθάμαντος.
884 1937 983 1994 τοῦτο
1007 1929 1090 1994 ἰδὼν

71 2034 91 2100 ὁ
111 2031 261 2119 Ἀθάμας
279 2036 375 2118 ἔλαβε
393 2034 495 2100 πάλιν
513 2035 574 2118 την
588 2030 662 2101 Ἰνὼ
682 2045 835 2121 φανερῶς
854 2037 900 2112 εές
918 2037 977 2100 τὸν
997 2030 1090 2101 οἷκον

72 2141 179 2206 αὐτοῦ
202 2140 246 2218 ῶς
273 2151 425 2223 γυναῖκα.
471 2139 668 2225 ἐπεβούλευε
695 2150 780 2224 γοῦν
807 2142 948 2206 πάντοτε
975 2138 1090 2224 ηἸνὼ

70 2249 152 2323 τοὺς
174 2249 364 2333 προγόνους
386 2246 488 2330 αὐτῆς
510 2249 569 2312 τὸν
596 2246 721 2333 Φρίξον
742 2244 798 2312 καὶ
815 2248 876 2331 την
891 2245 1015 2331 Ἕλλην
1033 2246 1086 2313 καὶ

72 2353 178 2437 ἐζήτει
214 2356 338 2439 τρόπον
375 2353 420 2430 ὡς
456 2354 599 2439 μητρυιά
633 2363 693 2418 τοῦ
728 2360 923 2419 θανατῶσαι
960 2353 1089 2431 αὐτούς.
1109 2370 1144 2419 20

72 2465 175 2544 λιμοῦ
205 2456 242 2525 δὲ
268 2459 453 2544 γενομένου
482 2462 529 2536 είς
556 2461 596 2525 τά
625 2457 707 2545 μέρη
742 2459 850 2526 ἐκεῖνα
881 2461 1030 2545 ἔπεμψαν
1059 2461 1094 2526 ολ

69 2563 247 2649 Ἀθηναῖοι
283 2564 438 2652 πρέσβεις
474 2568 521 2643 εἰς
552 2569 590 2631 τὸ
623 2576 781 2651 μαντεῖον
812 2567 868 2632 ἵνα
901 2566 1090 2652 ἐρωτήσωσι

73 2669 151 2758 περὶ
165 2681 225 2738 τοῦ
238 2677 338 2757 λιμοῦ
352 2672 482 2738 τούτου.
507 2674 646 2750 τούτους
663 2675 743 2749 τοὺς
761 2671 915 2758 πρέσβεις
928 2670 1091 2747 ἐλθόντας

75 2779 123 2855 εἰς
154 2779 213 2843 τὸν
245 2773 339 2843 οἶκον
368 2788 428 2844 τοῦ
457 2774 665 2863 Ἀθάμαντος
696 2779 942 2862 παρεσκεύασεν
971 2773 1090 2860 ηἸνὼ

75 2886 157 2968 μετά
185 2885 303 2970 δώρων
330 2889 480 2967 πολλῶν,
505 2885 561 2949 ἴνα
585 2891 722 2950 εἴπωσιν
746 2885 826 2950 ὅταν
850 2882 1092 2967 ἐπιστρέψωσιν

76 2989 141 3056 άπὸ
164 2999 225 3055 τοῦ
249 2994 417 3075 μαντείου,
441 2992 492 3056 ὅτι
516 2991 574 3056 ἐάν
596 2993 640 3076 μὴ
661 2990 811 3075 σφάξωσι
829 2989 883 3056 παὶ
901 2991 1092 3056 θυσιάσωσι

76 3098 124 3174 εἰς
142 3099 220 3173 τοὺς
233 3100 337 3174 θεοὺς
355 3100 433 3174 τοὺς
450 3099 572 3175 παῖδας
590 3109 650 3164 τοῦ
665 3095 871 3183 Ἀθάμαντος
889 3099 948 3162 τὸν
967 3095 1092 3182 Φρίξον

75 3200 132 3268 καὶ
168 3203 229 3287 την
258 3201 381 3287 Ἕλλην
418 3203 435 3268 ὁ
471 3205 566 3289 λιμὸς
604 3204 644 3271 οὐ
680 3208 887 3288 παυθησεται
924 3202 987 3266 άπὸ
1024 3212 1092 3267 τῶν

75 3311 188 3374 τόπων
212 3308 358 3374 ἐκείνων.
405 3311 439 3375 οἱ
460 3308 497 3377 δὲ
515 3309 781 3396 ὑποστρέψαντες
803 3305 897 3377 εἶπον
921 3308 1034 3384 οὕτως.
1072 3308 1090 3374 ὁ

150 3472 164 3520 1
185 3467 307 3535 εἴπωμεν
325 3465 390 3520 Vat.
516 3474 532 3522 5
552 3467 566 3521 ὁ
584 3486 635 3536 pro
658 3468 675 3536 ἡ
694 3467 727 3524 V.
855 3474 870 3521 7
889 3468 1004 3536 τοιαύτη
1026 3467 1091 3523 vat.

77 3543 113 3592 20
132 3536 243 3609 μητρϋδι
261 3537 326 3592 Vat.
