2408 3826
458 189 777 272 --43-w

55 354 200 434 ἔβλεπον
223 350 406 432 άνθρωπόν
433 368 509 415 τινα
535 347 783 434 προτερημένον
802 349 893 427 ὅστις
916 377 978 431 τηις
997 375 1052 431 τοὺς
1074 392 1130 442 προ

54 453 148 542 εἶχεν
165 455 287 541 ἀρετήν
304 477 381 520 τινα
399 453 567 540 ἐξαίρετον
585 453 606 538 ἢ
620 455 764 540 χάρισμα
778 454 892 540 μέγαν,
929 449 1117 566 ’ἔξλμένοὲυῇἆῖλ·

57 567 177 648 ἔλεγον
200 562 303 628 αὐτὸν
328 564 375 640 είς
397 561 495 647 τιμὴν
519 560 621 627 αὐτοῦ
640 560 695 627 καὶ
715 565 819 640 ζῶντα
836 560 892 627 καὶ
916 525 1131 656 θηξῗιέἔῖςιέςοέί

57 670 278 735 ἀποθανόντα
301 670 393 755 ἥρωα
423 706 460 715 -
491 669 579 754 ἥρως
602 665 639 733 66
664 666 792 752 λέγεται
816 669 833 733 6
858 667 891 747 ἔξ
937 662 1124 763 πλῖηρλμῖναῆ

57 776 212 860 ἡμισείας
234 777 315 853 θεὸς
340 812 378 823 -
403 772 458 841 καί
485 777 645 841 ἔπλαττον
673 775 724 841 ὅτι
750 797 801 853 τις
828 775 891 841 άπὸ
915 751 1130 796 γυναικαςνυμφα”

56 893 127 949 τῶν
156 889 248 947 θεῶν
276 881 371 966 ἐμίγη
399 883 480 967 μετά
511 883 670 965 γυναικὸς
698 879 754 946 καὶ
781 881 936 966 ἐποίησεν
965 883 1077 948 αὐτόν.

58 991 183 1074 ὁμοίως
199 987 254 1055 καὶ
273 990 331 1067 τάς
349 1000 510 1071 γυναῖκας
526 990 585 1066 τάς
601 987 848 1074 προτερημένας
866 987 920 1054 καὶ
940 989 1079 1075 ἐχούσας

56 1098 136 1161 τινά
163 1096 284 1181 άρετην
312 1097 459 1180 μεγάλην
488 1095 630 1161 ἐκάλουν
657 1097 805 1179 νύμφας,
838 1095 882 1172 ὡς
908 1097 990 1181 τάχα
1021 1097 1078 1161 διά

56 1205 122 1287 τὴν
144 1201 264 1288 άρετην
287 1202 468 1285 νικησάσας
494 1202 556 1286 τὴν
580 1203 685 1286 φύσιν
706 1213 774 1268 τῶν
803 1210 940 1288 θνητῶν
963 1226 1078 1285 γυναι-

57 1320 129 1375 κῶν
156 1307 209 1374 καὶ
238 1308 407 1391 άναβάσας
435 1310 482 1385 είς
508 1308 570 1391 την
593 1309 687 1388 τάξιν
709 1306 765 1374 καὶ
791 1309 853 1393 τὴν
883 1311 986 1392 φύσιν
1010 1317 1078 1373 τῶν
1098 1316 1146 1375 10’

57 1426 204 1500 νυμφῶν
240 1412 362 1492 αἵτινές
396 1417 482 1480 εἰσιν
514 1414 678 1479 ἀθάνατοι
714 1411 769 1479 καὶ
808 1416 959 1501 δεύτεραι
991 1416 1079 1480 θεαί.

58 1522 179 1598 οὕτως·
199 1519 359 1605 ἔποίησαν
392 1521 428 1609 οί
452 1519 641 1604 Ἀθηναῖοι,
680 1521 760 1585 ὅταν
797 1543 895 1606 παρε-
918 1555 960 1609 νη,
983 1554 1132 1610 mmm„

57 1627 175 1713 γένετο
200 1628 217 1692 6
240 1638 361 1713 καῖσαρ
385 1629 432 1704 είς
454 1628 512 1703 τάς
535 1621 688 1710 Ἀθήνας.
735 1625 895 1711 ε’ποιήσαν
946 1625 969 1667 ⁰²
987 1621 1112 1709 Ἀθλλῡξῖοι

57 1736 124 1820 γάρ
151 1736 357 1818 κατασκευὴν
386 1737 472 1799 ἔνθα
499 1736 634 1818 ἔμελλεν
663 1736 850 1817 διαβαίνειν
874 1734 891 1798 6
914 1705 1132 1828 χῖἕρνὶγχᾞέοἶνῖζς

57 1853 180 1927 καίσαρ
199 1839 254 1906 καὶ
274 1844 431 1926 ἔρχεσθαι
451 1841 545 1917 ἐντὸς
568 1852 636 1906 τῶν
659 1838 814 1924 Ἀθηνῶν
836 1838 892 1906 καὶ
937 1831 979 1886 ²³²⁹
991 1833 1103 1893 Ἀθήνας·

58 1951 211 2033 ἔγραψαν
226 1947 335 2013 ἐπάνω
350 1956 408 2030 τῆς
426 1956 629 2032 κατασκευῆς
650 1948 694 2024 ὡς
712 1947 776 2012 άπὸ
792 1950 953 2032 στόματος
967 1946 1077 2012 αὐτῶν

57 2055 143 2140 πρὸς
172 2057 231 2120 τὸν
260 2058 417 2139 καίσαρα,
441 2054 501 2129 ,ὅτι
539 2051 593 2138 ἔφ’
624 2054 706 2120 ὅσον
740 2056 921 2140 ἄνθρωπος
948 2047 992 2136 εί,
1026 2050 1079 2118 ἐπὶ

58 2170 224 2227 τοσοῦτον
244 2155 275 2226 εἶ
286 2163 375 2243 θεός,
394 2157 581 2226 τοῦτ’ἔστιν
596 2163 643 2236 είς
657 2161 739 2225 ὅσον
753 2170 843 2238 νοεῖς
857 2160 907 2225 ὅτι
922 2159 1079 2245 ὑπάρχεις

59 2268 243 2352 άνθρωπος
267 2267 323 2331 διά
345 2268 407 2350 τὴν
431 2267 546 2351 φύσιν,
571 2269 617 2344 είς
639 2275 803 2332 τοσοῦτον
823 2266 980 2352 ὑπάρχεις
998 2267 1079 2341 θεὸς
1130 2297 1135 2308 «

59 2375 119 2439 διά
141 2375 181 2438 τά
205 2376 294 2459 ἔργα.
340 2373 446 2450 οὕτως
474 2368 536 2438 οὖν
564 2371 619 2438 καὶ
646 2372 667 2456 ἡ
697 2375 803 2458 μήτηρ
830 2381 891 2438 τοῦ
915 2372 1079 2456 Σάμωνος
1098 2389 1134 2438 20

58 2481 81 2564 ἡ
103 2477 199 2564 Ῥήνη
228 2483 382 2563 φαίνεται
413 2481 464 2545 ὅτι
491 2480 616 2565 ὑπῆρχε
643 2477 871 2565 προτερημίνη
899 2477 955 2545 καὶ
978 2494 1078 2544 σπου·

61 2587 141 2651 ὃαία
169 2586 254 2670 γυνη
288 2585 343 2652 καὶ
372 2588 427 2651 διά
455 2587 516 2669 τὴν
540 2586 660 2671 ἀρετὴν
689 2585 791 2671 αὐτῆς
817 2587 1024 2670 μυθεύονται
1048 2585 1084 2651 oc

51 2691 214 2777 Ἕλληνες
246 2692 300 2758 καὶ
332 2693 517 2777 άνάγουσιν
551 2693 655 2777 αὐτὴν
693 2695 740 2770 είς
775 2691 868 2772 τάξιν
899 2703 968 2757 τῶν
999 2686 1077 2777 παρ’

61 2800 177 2877 αὐτοῖς
199 2810 352 2885 νυμφῶν.
398 2801 486 2877 ὅπως
510 2794 572 2865 οὖν
600 2802 665 2884 ἔχει
692 2801 730 2864 τὸ
753 2808 887 2884 πρᾶγμα
914 2799 996 2864 κατά
1020 2798 1081 2882 τὴν

61 2907 224 2992 ἱστορίαν,
249 2902 347 2983 οὗτος
371 2907 388 2972 6
413 2906 538 2990 Σάμων
568 2905 658 2971 ἐστὶν
682 2905 700 2972 6
725 2905 870 2989 οἰκιστὴς
896 2903 950 2970 καὶ
975 2906 992 2970 6
1016 2899 1077 2989 ἀφ’

61 3012 186 3079 ἑαυτοῦ
201 3013 369 3098 ὀνομάσας
387 3014 448 3096 τὴν
466 3022 572 3096 νῆσον
592 3011 832 3100 Σαμοθρηίκην.
864 3013 899 3077 oc
919 3023 961 3070 να.
975 3023 1010 3070 ὅτι
1025 3024 1131 3111 οιἝλλμ·

60 3128 147 3204 γοῦν
163 3119 331 3204 Ἕλληνες,
355 3120 411 3184 ἴνα
435 3123 587 3204 ἔλθωμεν
613 3122 658 3196 είς
680 3121 740 3184 τὸν
763 3131 896 3204 πρῶτον
919 3096 1016 3219 νξαζζέ
1029 3097 1135 3224 (501χῇῒέ

61 3229 183 3311 λόγον,
216 3227 251 3292 οί
280 3228 373 3303 ὄντες
405 3227 485 3310 μετά
517 3235 577 3291 τοῦ
610 3228 731 3291 στόλου
762 3229 808 3304 είς
835 3227 896 3311 τὴν
919 3238 1004 3302 χρόνον
1023 3236 1135 3295 παίσαν-

135 3420 365 3474 4άποθανίοντα
379 3419 443 3474 vat.
500 3418 650 3488 ὅὴμησίας
669 3416 789 3473 ἔπλατον
808 3419 888 3472 codd.
935 3425 969 3473 14
985 3417 1082 3489 ἔμελεν

62 3491 128 3546 Vah.
198 3495 231 3545 23
251 3490 301 3544 διὰ
324 3490 375 3559 τὴν
399 3489 502 3558 ἀρετὴν
527 3494 591 3544 ante
611 3488 765 3559 ἀνάγουσιν
788 3489 940 3559 repetitum
959 3493 988 3545 et
1002 3493 1081 3545 uncis

61 3562 202 3617 inclusum
221 3562 284 3616 Vat.
358 3568 401 3616 23.
420 3568 455 3616 24
473 3559 545 3633 παρ’
567 3561 653 3631 αὐτῆς
672 3562 754 3616 codd.
