2408 3826
469 172 734 273 -1x..:·

65 328 180 392 contra
220 320 481 390 Cantacuzeuum
524 320 700 388 adiuucrat.
757 321 809 386 Ex
845 321 903 386 illo
938 322 1084 405 tempore

68 430 237 496 Gattilusii
259 430 309 495 illi
335 449 456 494 nomen
477 426 748 514 Palaeologorum
775 427 1026 512 adsumpserunt
1048 431 1082 493 et

68 537 196 620 insigne
219 537 347 621 generis
371 533 517 601 Caesarii
540 534 574 598 in
593 535 737 599 nummis
759 539 793 601 ct
815 532 1081 618 inscriptionibus

67 647 248 728 gesserunt.
302 639 493 706 Franciscus
530 639 588 704 ille
625 639 801 704 secundum
840 636 1001 704 Critobuli
1037 639 1083 704 lo·

65 769 138 813 cum
162 747 249 812 infra
277 747 413 812 citatum
436 747 536 811 etiam
560 747 644 811 Aeni
674 746 837 831 regnarit,
869 748 956 810 certe
982 744 1085 829 possi·

65 852 166 918 debat
198 853 312 919 urbem
343 853 432 918 filius
465 853 517 917 vel
556 853 745 933 [secundum
779 847 949 938 Hopfium]
981 851 1083 917 frater

67 961 136 1024 eius
159 958 342 1025 Nicolettus
373 956 590 1040 [Νικολέζος].
636 958 706 1035 Quo
730 962 860 1023 mortuo
889 979 973 1024 anno
997 957 1082 1023 1409

66 1065 221 1130 successit
247 1053 454 1150 Palamedes,
488 1068 565 1149 post
594 1065 688 1130 illum
716 1060 901 1150 Dorinus.¹)
946 1062 979 1128 Is
1008 1085 1082 1128 cum

64 1174 179 1237 contra
201 1173 434 1236 testamentum
457 1169 641 1236 Palamedis
664 1171 782 1254 patris,
812 1170 867 1254 qui
890 1191 1025 1235 uxorem
1049 1173 1084 1235 et

64 1278 186 1343 liberos
216 1277 277 1341 filii
300 1276 435 1342 maioris
462 1280 543 1342 natu
566 1277 631 1341 iam
655 1276 799 1341 defuncti
827 1276 924 1340 simul
948 1298 1021 1342 cum
1044 1298 1082 1341 eo

64 1383 198 1448 heredes
226 1383 429 1469 instituerat,
458 1384 547 1448 solus
583 1382 804 1469 dominatione
831 1383 955 1466 potitus
989 1385 1084 1465 esset,

63 1488 244 1554 Mahometi
268 1512 353 1555 anno
369 1493 461 1556 sexto
482 1491 525 1571 [1.
545 1488 633 1575 Sept.
654 1488 740 1555 1455
762 1525 800 1536 —
824 1490 851 1553 1.
871 1486 959 1572 Sept.
981 1486 1080 1569 1456]

65 1618 86 1661 a
117 1617 194 1681 rege
226 1596 331 1661 victus
365 1598 399 1660 et
431 1596 583 1680 expulsus
616 1598 673 1675 est.
720 1594 855 1661 Duobus
884 1594 978 1659 annis
1006 1595 1084 1677 post

63 1693 270 1767 Mahometus
294 1700 363 1766 eius
391 1705 513 1767 terram
541 1701 639 1766 simul
667 1722 740 1766 cum
764 1699 887 1765 Lemno
916 1702 950 1764 et
972 1697 1081 1763 Thaso

65 1808 184 1873 insulis
207 1807 377 1874 Demetrio
404 1807 561 1893 dynastae
584 1805 859 1892 Peloponnesiaco
883 1801 1013 1890 deditl)

65 2140 95 2196 h·
112 2069 307 2196 tlanppssfpn
327 2068 586 2196 ‚pponatsberichte
605 2071 654 2125 der
667 2068 794 2124 Berliner
811 2066 981 2123 Academie“
998 2066 1083 2136 phil.-

86 2158 132 2196 rs.
186 2182 192 2195 .
296 2159 324 2212 p.
376 2183 382 2196 .

138 2233 165 2298 2)
184 2226 322 2283 Critobuli
343 2229 479 2284 historiae
498 2228 533 2297 ΙΙ,
554 2233 595 2282 11.
628 2227 722 2282 11124
745 2227 858 2296 (Miiller
885 2227 985 2296 fragm.
1014 2225 1080 2281 hist.

65 2315 158 2370 graec.
177 2300 232 2356 vol
247 2299 291 2370 V).
329 2300 409 2365 Quod
437 2315 507 2368 opus
536 2314 600 2353 cum
627 2315 700 2353 anno
725 2299 836 2352 demum
861 2302 930 2353 1870
959 2299 1081 2367 primum

65 2370 174 2426 editum
194 2369 240 2438 sit,
260 2369 395 2441 compleri
408 2373 506 2440 potest
520 2386 554 2424 ex
568 2385 602 2424 eo
617 2370 737 2424 stemma
750 2369 907 2438 principum
921 2367 992 2423 Aeni
1006 2368 1082 2437 quod

66 2445 110 2496 est
129 2442 204 2510 apud
221 2440 482 2496 Friedlaenderum:

286 2549 289 2556 ·
386 2529 578 2584 Franciscusl
597 2526 681 2583 Lesbi
699 2530 756 2582 dux

315 2669 475 2751 Nicolettus
492 2669 623 2740 princeps
643 2667 714 2723 Aeni
732 2673 751 2738 †
772 2673 840 2722 1409

467 2743 632 2866 Palamddes

140 2891 1064 3062 mmmm

263 3023 300 3061 na·
314 3025 333 3061 U
892 3023 928 3061 110
964 3023 996 3060 ΠΒ

66 3112 102 3167 cf.
122 3109 225 3167 Critob.
244 3112 279 3180 ΙΙ,
301 3119 333 3167 13
356 3112 406 3167 καὶ
423 3103 493 3202 ἧκεν
516 3110 534 3183 ἡ
560 3108 591 3178 ἐξ
614 3106 727 3167 ἐκείνου
747 3111 900 3182 (Francisci
918 3113 942 3183 I)
966 3115 1017 3168 τοῦ
1036 3113 1081 3183 γε’-

66 3202 134 3246 voco
158 3182 278 3253 διαδοχὴ
307 3181 336 3246 ἐς
360 3202 528 3254 recaptus:
559 3181 594 3251 δὴ
620 3180 728 3253 ταύτην
754 3181 858 3254 γενεὰν
882 3181 963 3254 μέχρι
985 3187 1080 3239 Παλα-

66 3249 173 3325 μήδους
187 3273 217 3308 τε
236 3255 354 3309 καὶτοῦ
372 3253 437 3310 osci»
456 3251 594 3325 Δωριέως,
612 3250 684 3324 παρ’
710 3247 750 3309 ὦν
769 3251 903 3323 ἀφείλετο
926 3252 979 3324 τὴν
996 3251 1080 3310 πόλιν

65 3323 173 3394 ταύτην
192 3321 301 3394 (Αἶνον)
320 3328 431 3388 τελείως
450 3321 465 3380 ὁ
480 3324 619 3398 βασιλεύς.
634 3355 667 3366 -
682 3324 772 3381 Recta
785 3324 906 3381 nominis
918 3325 1010 3381 forma
1024 3344 1080 3381 non

66 3398 111 3450 est
129 3395 257 3465 Δωριεύς
283 3400 313 3451 ut
337 3397 442 3466 legitur
465 3397 540 3466 apud
564 3394 748 3465 Critobulum,
770 3397 821 3452 sed
845 3398 1092 3463 duodecimam

67 3467 248 3529 confirmatur
266 3470 386 3523 nummis
404 3467 505 3524 Dorini
523 3467 622 3526 Lesbii
636 3467 740 3541 patrui
751 3467 864 3522 llor'rrir
876 3466 988 3518 nostru.
1000 3459 1113 3532 nixan-

65 3538 177 3592 laender
197 3539 216 3593 l.
237 3554 257 3594 c.
278 3557 307 3608 p.
326 3545 370 3597 40.
415 3543 645 3616 Schlumberget
675 3537 918 3602 numismatruuc
944 3532 987 3582 aa
1005 3521 1143 3575 X‘ffiffi
