2408 3826
467 155 683 219 -23-

64 315 297 400 μεγαλώτερον
319 312 464 398 βασιλέα.
499 313 520 396 η
544 309 690 398 μὲνγὰρ
714 314 865 397 βασιλεία
888 320 944 396 τῆς
956 308 1083 398 Ῥώμης

67 419 200 505 ἐνίκησε
227 420 334 496 ποίσας
362 422 420 497 τὰς
447 422 615 504 βασιλείας
641 427 702 484 τοῦ
721 421 870 502 κόσμου,
900 417 955 484 καὶ
981 420 1082 485 ποίλιν

70 528 118 604 είς
143 528 205 611 την
230 523 359 612 Ῥώμην
383 524 443 611 ἀφ’
471 521 513 591 οὗ
536 525 672 608 ἐκτίσθη
696 524 757 602 ἕως
778 533 836 608 τῆς
858 526 1004 609 σήμερον
1027 551 1083 610 με·

64 635 254 720 γαλώτερος
284 635 441 717 βασιλεὺς
467 633 554 718 παρὸ
581 633 641 697 τὸν
667 633 810 715 καίσαρα
837 642 957 697 τοῦτον
981 629 1083 698 οὐδεν

66 738 276 823 έγένετο,εί
301 740 345 823 μη
374 740 463 824 παρὰ
489 747 550 803 τοῦ
572 743 657 804 θεοῦ
685 740 800 803 διὰτὸ
824 742 998 822 μεγαλεῖον
1021 747 1082 804 τοῦ

65 843 229 929 βασιλέως
251 844 446 930 Χριστοῦ,
435 844 524 920 όστις
547 842 712 926 ἐγεννήθη
737 845 784 920 είς
805 845 865 909 τὸν
885 846 1004 930 καιρὸν
1022 854 1083 910 τοῦ

63 961 229 1036 κοσμικοῦ
265 951 411 1035 μεγάλου
447 948 609 1033 βασιλέως
647 947 702 1014 καὶ
740 951 796 1014 διὰ
836 952 873 1015 τὸ
908 956 1083 1035 μεγαλεῖον

64 1067 125 1140 τῆς
147 1060 287 1134 πίστεως
310 1057 430 1138 αὐτοῦ,
457 1058 528 1139 ἥτις
556 1055 698 1139 ἐριζώῦη
727 1058 774 1133 είς
801 1057 861 1140 την
884 1059 1083 1140 βασίλισσαν

64 1172 127 1228 τοῦ
154 1165 281 1248 κόσμου
315 1163 439 1239 παντὸς
470 1159 526 1227 καὶ
552 1171 609 1246 τῆς
637 1161 833 1246 οἰκουμένης
859 1163 921 1247 την
900 1159 1119 1334 νζῬώμην,9

64 1269 139 1351 ἥτις
157 1265 261 1353 Ῥώμη
286 1267 381 1354 μέχρι
403 1277 460 1353 της
488 1270 649 1353 σήμερον,
677 1267 735 1332 ἐὰν
762 1266 817 1334 καὶ
845 1292 935 1333 aco-a
960 1280 1106 1369 a’aaa‘z‘aaP
1105 1298 1139 1341 μη

65 1384 192 1458 σμικώς
215 1370 359 1439 οὐδεν”
338 1398 431 1459 αρχει
453 1382 514 1439 τοῦ
537 1376 674 1459 κόσμου,
697 1373 780 1440 ἀλλὰ
800 1396 899 1440 πνευ-
922 1281 999 1509 ἕὲξρι
1001 1352 1139 1485 6626&ss

64 1491 211 1564 μανικῶς
229 1482 285 1545 διὰ
302 1481 364 1563 την
381 1483 493 1545 πίστιν
512 1481 680 1563 βασιλεύει
698 1489 758 1545 τοῦ
774 1483 858 1566 κόσμ
860 1493 967 1547 ουκόσ
939 1494 1087 1551 οσοσμιιαι
1099 1492 1140 1540 ιιι

64 1587 198 1662 παντός
244 1585 321 1662 ὅλος
344 1587 407 1671 γὰρ
431 1585 451 1650 6
472 1588 596 1670 κόσμος
618 1586 783 1669 γινώσκει)
808 1587 899 1670 θῑλδ
922 1562 1043 1681 ιιιιέιι
1037 1568 1139 1682 δηιῖέῖινι

66 1689 225 1775 ἐκκλησία
265 1700 322 1775 τῆς
352 1688 478 1776 Ῥώμης
513 1693 607 1784 ίίρχει
642 1689 698 1756 καὶ
733 1693 901 1775 βασιλεύει
981 1705 1071 1763 ἀξίνην

64 1807 136 1861 τών
159 1796 351 1881 ἁπανταχοῦ
374 1805 435 1862 τοῦ
458 1800 584 1882 κόσμου
603 1802 815 1879 Χριστιανῶν
834 1796 890 1863 καὶ
908 1741 1084 1864 πείθονται

63 1903 169 1988 ταύτῃ
198 1901 254 1968 καί
281 1903 527 1969 ὑποτώσσονται
553 1912 656 1968 πᾶσαι
685 1903 722 1968 αί
747 1907 912 1987 βασιλεῖαι
934 1913 992 1988 τῆς
1014 1914 1084 1989 γῆς,

65 2009 124 2073 ἵνα
155 2010 200 2094 μη
235 2008 375 2095 διαπέσῃ
408 2009 426 2075 6
455 2009 488 2087 ἐξ
519 2008 621 2095 ἀρχῆς
649 2012 770 2086 σκοπὸς
792 2019 853 2076 τοῦ
880 2017 981 2095 θεοῦ,
1010 2008 1080 2075 ἀλλ’

65 2117 125 2200 ἔχη
153 2116 215 2198 τὴν
242 2116 341 2200 τιμὴν
370 2117 541 2181 ίίπαυστον
568 2113 624 2181 καί
652 2117 790 2181 αίώνιου
817 2116 838 2199 η
862 2116 1023 2201 δεξαμένη
1047 2118 1084 2181 τὸ

64 2224 252 2306 μυστήριον
281 2220 385 2287 αὐτοῦ
414 2219 470 2287 καὶ
501 2223 564 2305 την
597 2220 855 2308 ένανῦρώπησιν
882 2225 984 2299 πόλις.
1029 2220 1085 2286 καὶ

66 2328 125 2392 διὰ
152 2335 251 2391 τοῦτο
279 2326 466 2411 ηὐδόκησεν
496 2327 717 2413 ἀναιρεθῆναι
746 2326 801 2393 καί
828 2331 906 2405 τοὺς
933 2329 1085 2412 πρώτους
1104 2345 1140 2394 20

66 2432 174 2498 αὐτοῦ
204 2431 258 2498 καὶ
292 2436 499 2518 κορυφαίους
533 2432 738 2510 ἀποστόλους
769 2435 829 2499 τὸν
862 2431 994 2519 Πέτρον
1030 2432 1087 2498 καὶ

67 2542 212 2604 Παῦλον
235 2540 282 2615 είς
308 2540 370 2622 τὴν
393 2535 530 2623 Ῥώμην.
575 2541 608 2603 εί
628 2540 691 2625 γδιρ
715 2541 758 2624 μὴ
782 2535 825 2624 ἦν
847 2537 1086 2624 παρευραμένη

66 2645 88 2728 η
109 2641 327 2730 Ἰερουσαλὴμ
351 2645 407 2708 διὰ
429 2645 491 2727 την
513 2649 766 2730 χριστοκτονίαν
789 2645 853 2711 ὑπὸ
877 2654 937 2710 τοῦ
956 2648 1086 2729 κυρίου,

64 2749 124 2816 καὶ
153 2750 171 2816 6
200 2748 330 2835 Πέτρος
362 2748 404 2814 δν
431 2749 487 2815 καὶ
518 2750 536 2815 6
568 2756 704 2828 Παῦλος
736 2752 805 2817 ἐκεῖ
834 2754 973 2837 ἔμελλον
1006 2750 1086 2816 ἀπο-

64 2859 251 2941 θνήσκειν,
284 2856 369 2920 ὅπου
401 2854 571 2921 ἀπέθανεν
606 2857 624 2922 6
659 2859 858 2935 διδάσκαλος
890 2856 1000 2922 αὐτῶν
1031 2855 1088 2923 καὶ

65 2965 157 3039 θεός.
204 2971 268 3027 νῦν
292 2959 330 3026 δὲ
357 2970 455 3026 τοῦτο
484 2960 545 3046 μὲν
573 2963 635 3028 οὐκ
658 2961 787 3047 ἐγένετο
819 2965 875 3028 διίι
897 2965 958 3048 την
982 2964 1088 3048 ὀργὴν

66 3069 112 3152 ἣν
148 3063 214 3153 εἶχε
247 3069 329 3153 πρὸς
362 3067 482 3151 αὐτήν,
516 3071 616 3153 ἔθηκε
655 3065 691 3133 δὲ
724 3069 846 3146 αὐτοὺς
878 3065 948 3136 ἀντ’
984 3071 1088 3135 αὐτοῦ

67 3176 179 3260 ὥσπερ
203 3172 343 3258 θεμέλια
366 3183 423 3257 τῆς
445 3176 585 3251 πίστεως
609 3177 656 3252 είς
678 3175 722 3258 ἣν
749 3176 918 3260 ἠγάπησεν
946 3174 1000 3240 καὶ
1025 3175 1089 3240 ἐτί-

65 3297 153 3366 μησε
180 3284 291 3362 πόλιν,
320 3280 376 3344 ἴνα
401 3278 574 3364 δοξάζηται
601 3278 656 3345 καὶ
680 3282 788 3367 ἐκείνη
814 3277 860 3347 δι’
887 3282 1009 3356 αὐτοὺς
1031 3278 1087 3345 καὶ

141 3513 159 3562 4
178 3509 317 3579 καίοσαρα
337 3507 416 3563 codd.
473 3514 488 3561 8
508 3503 625 3579 έριζοίθη
645 3509 709 3564 vat.
765 3515 799 3564 20
818 3511 950 3564 διατοῦοο
969 3508 1056 3563 6066.
