2408 3826
473 185 694 249 „27-

68 344 267 425 δυνηθῆναι
289 343 452 427 βαστάσαι
474 339 529 407 καὶ
552 351 712 426 κρατῆσαι
735 345 815 427 μίαν
834 341 940 428 ἀρχήν
959 344 1006 418 είς
1029 343 1090 425 τήν

70 448 275 513 κατάστασιν
298 449 416 532 ήντινα
438 448 625 534 παρέλαβεν
645 448 759 532 αὐτήν,
784 448 866 513 ώστε
888 449 931 532 μή
952 448 1090 513 έλαττω-

66 560 179 637 θῆναι
201 553 221 639 ή
245 560 494 637 ταπεινωθῆναι
516 554 536 639 ή
560 561 860 640 καταφρονηθῆναι
882 555 1014 637 ταύτην.
1057 554 1093 619 οί

71 657 137 745 γάρ
168 669 316 726 τοιοῦτοι
348 662 527 746 ἀνθρωποί
556 662 641 725 εἰσιν
676 660 711 725 οί
745 660 1001 746 ἐλευθεροῦντες
1031 662 1090 737 τὰς

66 769 185 843 πόλεις
219 767 282 832 ἀπὸ
314 778 381 833 τών
413 766 583 832 κινδύνων
615 766 652 832 έν
683 777 753 843 τοῖς
780 777 908 852 καιροῖς
935 777 1002 830 τῶν
1029 788 1089 831 πο-

67 869 199 955 λέμων,
235 872 271 937 οί
301 871 540 957 προτερημένοι
576 871 632 937 καὶ
668 871 925 956 πεπαιδευμένοι
964 869 1019 937 καὶ
1057 872 1093 938 οί

71 976 273 1054 αὐξάνοντες
302 976 358 1043 καὶ
387 978 629 1063 μεγαλύνοντες
661 977 762 1054 αὐτάς
791 976 828 1042 έν
860 988 930 1054 τοῖς
961 989 1091 1063 καιροῖς

71 1092 132 1166 τῆς
155 1085 296 1170 είρήνης.
342 1084 398 1150 καί
426 1084 468 1149 άν
495 1086 622 1167 ποιήσω
650 1092 748 1149 τοῦτο
778 1085 834 1148 διδι
855 1093 913 1166 τῆς
944 1084 1091 1167 ἱστορίας

68 1212 139 1273 μου
153 1191 282 1273 ταύτης,
303 1189 391 1273 λέγει
406 1190 424 1255 6
439 1191 632 1273 Διονύσιος,
650 1188 706 1255 καὶ
719 1192 912 1273 καταστήσω
930 1188 1090 1273 γενέσθαι

69 1296 246 1372 τοιούτους
269 1296 479 1382 ἀνθρώπους.
526 1296 544 1362 6
572 1298 636 1382 γδιρ
664 1299 763 1378 λόγος
789 1297 940 1361 παιδεύει
962 1294 1018 1362 καὶ
1040 1319 1087 1361 τε·
1109 1315 1142 1363 10

66 1405 160 1466 λειοί
175 1403 234 1466 τὸν
247 1403 431 1488 άνθρωπον
445 1401 500 1468 καί
519 1402 669 1487 ἐκβάλλει
688 1402 792 1467 αὐτὸν
810 1401 874 1466 ἀπὸ
893 1410 951 1484 τῆς
968 1402 1089 1480 τάξεως

64 1515 133 1571 τοῦ
161 1508 255 1585 ζώου.
301 1508 337 1572 οί
363 1511 427 1595 γάρ
456 1511 573 1593 άλογοι
600 1510 777 1594 άνθρωποι
805 1511 912 1592 μόνον
944 1509 1000 1573 διά
1027 1509 1089 1592 τήν

69 1614 184 1696 ψυχήν
211 1613 409 1700 διαφέρουσι
436 1625 503 1679 τῶν
535 1616 642 1697 ζώων,
671 1616 718 1691 είς
748 1611 785 1678 δὲ
812 1615 852 1677 τά
875 1615 958 1678 άλλα
980 1615 1088 1680 πάντα

64 1716 136 1783 είσὶ
159 1729 229 1796 τοῖς
254 1720 347 1798 ζώοις
370 1721 488 1804 ὅμοιοι.
536 1719 578 1785 άν
604 1729 690 1804 γοῦν
712 1721 841 1802 ποιήσω
869 1718 954 1803 φησὶ
976 1729 1088 1803 τοῦτο,

67 1826 197 1905 τρόπον
228 1827 304 1889 τινά
336 1825 443 1910 μέλλω
478 1830 650 1912 πληρώσαι
685 1824 740 1890 καί
770 1825 834 1909 έγὼ
869 1823 952 1909 μέγα
981 1825 1088 1911 χρέος,

64 1931 152 2014 ὅπερ
175 1941 329 2016 χρεωστῶ
357 1939 396 2016 τῆ
415 1929 521 2018 Ῥώμη
551 1933 607 1996 διά
630 1933 736 1997 πολλδι
765 1931 877 2016 ἀγαθὰ
900 1932 983 2017 άπερ
1007 1931 1088 2015 άπή-

67 2040 179 2118 λαυσα
208 2031 282 2121 παρ’
317 2036 408 2121 αὐτῆ.
454 2036 509 2102 καί
539 2038 621 2121 αὕτη
652 2038 742 2104 ἐστὶν
772 2038 792 2121 ή
821 2037 961 2124 δευτέρα
988 2039 1086 2121 αίτία,

64 2136 116 2204 δι’
149 2140 193 2223 ήν
222 2135 328 2224 ἦλθεν
358 2143 405 2219 είς
434 2143 495 2225 τήν
524 2144 675 2229 ἱστορίαν
701 2144 826 2226 ταύτην
854 2143 872 2208 6
897 2145 1088 2221 Διονύσιος.
1109 2162 1141 2210 18

65 2245 89 2328 ή
112 2242 149 2310 δέ
171 2250 263 2332 τρίτη
287 2245 343 2313 καὶ
365 2251 536 2313 τελευταία
559 2248 650 2314 ἐστὶν
672 2259 730 2334 τῆς
755 2249 902 2334 ίστορίας
924 2280 974 2325 „02
994 2283 1059 2341 τρια,
1079 2281 1143 2326 ama

63 2353 160 2417 αἰτία
181 2354 304 2436 ταύτης
327 2354 446 2437 αὐτοῦ,
470 2356 526 2420 ἰ’να
549 2354 663 2440 άφήση
685 2354 740 2420 καὶ
764 2351 862 2432 οὗτος
884 2355 902 2420 6
927 2347 961 2436 ξδ’
977 2348 1056 2437 »Qu
1069 2343 1142 2409 δέω

65 2458 256 2535 Διονύσιος
278 2461 395 2544 φήμην
417 2458 472 2525 καὶ
496 2462 601 2545 ὄνομα
624 2462 671 2537 είς
693 2462 754 2525 τὸν
776 2464 903 2545 κόσμον
925 2423 1088 2555 Σχέῖἔζέήῗ,
1102 2422 1144 2550 ἱήζ

64 2561 127 2629 καὶ
148 2566 196 2642 εἰς
217 2568 297 2641 τοὺς
319 2566 460 2652 ὕστερον
484 2566 685 2652 ἀνθρώπους
707 2575 764 2651 τῆς
783 2569 904 2652 σοφίας
986 2560 1082 2621 Ῥώμης·

64 2668 176 2736 αὐτοῦ
197 2669 254 2735 καὶ
276 2681 334 2755 τῆς
356 2672 494 2756 ἀγάπης,
518 2674 635 2755 ήντινα
658 2666 747 2756 εἶχεν
775 2675 822 2749 είς
849 2676 927 2750 τοὺς
949 2678 1088 2758 μεγαλο-

64 2786 205 2860 πρεπεῖς
238 2776 295 2842 καὶ
329 2782 506 2860 γενναίους
538 2777 685 2855 έκείνους
720 2779 845 2863 άνδρας
876 2776 931 2844 καὶ
969 2781 1016 2856 είς
1047 2781 1087 2845 τά

66 2881 198 2966 μεγάλα
220 2881 275 2948 καὶ
299 2885 471 2968 θαυμάσια
491 2887 571 2970 ἔργα
590 2884 711 2966 αὐτῶν,
736 2884 831 2948 άτινα
850 2885 1013 2967 διηγεῖται
1031 2884 1087 2950 καὶ

64 2988 166 3052 άτινα
190 2987 321 3054 έπαινεί
346 2992 426 3074 μετὰ
449 2989 609 3073 ἀληθείας
636 2987 690 3055 καὶ
719 2989 876 3075 ἀκριβοῦς
903 2989 1087 3069 ἐξετάσεως.

68 3091 160 3177 λέγει
178 3096 242 3178 γάρ
258 3094 276 3159 6
292 3096 457 3181 ἱστορικὸς
476 3091 574 3172 οὗτος
592 3095 647 3161 καὶ
667 3098 864 3180 ἰσχυρίζεται
882 3093 938 3161 καὶ
956 3101 1087 3181 βεβαιοῖ

69 3196 126 3264 καί
145 3200 373 3285 ἀποδεικνύει,
393 3201 442 3266 ότι
462 3204 642 3278 καθολικὸς
660 3205 759 3284 λόγος
777 3200 832 3267 καὶ
852 3201 1013 3286 ἀληθινὸς
1031 3200 1086 3267 καί

66 3304 339 3390 ὁμολογούμενος
363 3309 453 3393 παρὰ
475 3308 609 3372 πάντων
632 3318 698 3373 τῶν
727 3306 781 3372 ἀπ’
809 3311 930 3384 αἰῶνος
953 3308 1087 3392 ἀνθρώ-

65 3434 141 3476 πων
155 3410 211 3476 καὶ
225 3421 342 3496 σοφῶν
356 3411 411 3478 καὶ
426 3413 564 3498 άσόφων
578 3414 728 3498 ὑπάρχει,
745 3414 795 3478 ὅτι
805 3414 962 3498 τοιαύτην
973 3415 1085 3499 ψυχήν
1104 3433 1138 3481 30

141 3538 175 3588 18
194 3531 235 3588 δι’
256 3531 273 3601 ἣ
295 3533 327 3588 V.
423 3539 458 3589 30
477 3534 492 3588 6
511 3534 644 3605 τοιαύτην
664 3534 748 3595 codd,
