2408 3826
467 192 682 256 ..57-

62 349 172 415 αίποῦ
199 348 254 415 καί
286 353 365 428 τοὺς
397 351 518 428 παῖδας
549 349 654 415 αὐτοῦ
685 347 741 415 καί
770 353 848 426 τοὺς
880 352 1001 434 φίλους
1026 346 1081 414 ’καί

60 457 146 533 τοὺς
173 447 345 539 συγγενεῖς
378 456 481 521 αὐτοῦ
513 453 569 520 καί
606 457 684 531 τοὺς
711 456 901 541 γνωρίμους
936 453 990 520 καί
1025 455 1082 520 άν-

63 559 125 644 έβη
154 563 201 639 εἰς
232 562 293 645 τὴν
322 561 503 648 ἀκρόπολιν
530 569 588 645 τῆς
621 561 787 647 Τρωάδος.
838 561 1015 647 ἀκρόπολις
1045 559 1085 626 δέ

62 666 157 732 ἐστιν
185 667 300 734 ὅντινα
327 673 493 751 καλοῦμεν
520 666 614 751 ἡμεῖς
636 671 810 744 λατινικῶς
836 667 969 732 κουλάν.
1016 663 1082 752 εἶχε

63 781 151 856 γοῦν
173 772 229 838 καί
251 773 271 857 ἡ
296 772 474 860 ἀκρόπολις
504 772 675 850 ἐκλεκτοὺς
702 771 758 838 καί
786 773 962 859 ἀνδρείους
984 790 1082 858 στρα-

61 881 193 963 τιώτας,
216 879 330 956 καθώς
352 878 443 944 ἐστιν
465 878 486 962 ἡ
510 878 607 957 τάξις.
653 878 723 944 ἐκεί
742 881 805 963 γὰρ
828 875 915 963 ἦσαν
941 881 982 945 τά
1004 883 1081 966 χρη-

64 1010 153 1071 ματα
180 996 237 1070 τῆς
269 987 439 1069 βασιλείας
469 982 524 1050 καί
552 989 592 1050 τά
619 989 768 1072 χρήματα
795 996 863 1051 τῶν
891 986 1082 1074 ἀνθρώπων

64 1102 125 1176 τῆς
147 1094 273 1169 πόλεως
294 1090 350 1156 καί
374 1099 435 1157 εἰτι
458 1093 562 1157 καλὸν
583 1089 639 1157 καί
657 1094 768 1177 τίμιον
785 1091 933 1178 ὑπῆρχεν
952 1095 998 1170 εἰς
1020 1094 1082 1176 τὴν

64 1201 177 1280 πόλιν,
201 1199 346 1284 ἄργυρος
370 1196 424 1264 καί
447 1200 570 1283 χρυσὸς
592 1196 647 1263 καί
671 1200 844 1284 ἱματισμὸς
866 1197 921 1265 καί
950 1200 986 1264 οί
1005 1196 1082 1263 θεοί

62 1304 176 1370 αὐτῶν
204 1302 259 1369 καὶ
284 1305 325 1369 τά
353 1306 425 1391 ἰερίι
453 1305 514 1370 ὅλα
541 1314 609 1370 τῶν
635 1312 727 1370 θεῶν
754 1304 809 1371 καί
836 1317 904 1371 τῶν
933 1306 1082 1371 εἰδώλων
1102 1321 1136 1369 1ο

61 1410 185 1476 αὐτῶν.
223 1411 334 1476 ἐλθὼν
357 1421 441 1493 χοῦν
461 1411 478 1476 ὁ
497 1413 635 1489 Αἰνείας
658 1412 811 1495 ὡπλίσθη
835 1410 890 1476 καί
910 1412 1009 1489 αὐτὸς
1027 1408 1090 1483 καί,

62 1517 103 1582 οἰ
128 1510 196 1600 μετ’
227 1516 332 1581 αὐτοῦ
365 1519 411 1594 εἰς
438 1520 593 1601 πόλεμον.
640 1518 675 1581 οἰ
695 1519 758 1603 γὰρ
773 1516 931 1601 Ἕλληνες
955 1515 1012 1603 ἀφ’
1041 1513 1082 1583 οὗ

64 1622 320 1708 ἐχορτάσθησαν
339 1633 406 1688 τῶν
426 1624 574 1708 αίμάτων
593 1620 648 1688 καί
666 1633 733 1687 τῶν
756 1634 895 1708 σφαγῶν
915 1624 1082 1708 ἀνέβησαν

62 1729 122 1793 ἵνα
149 1731 360 1814 πολεμήσασι
387 1728 442 1794 καί
473 1731 535 1814 τὴν
563 1728 764 1815 ἀκρόπολιν,
792 1730 848 1794 ίνα
875 1731 1001 1814 λάβωσι
1027 1727 1083 1794 καί

62 1835 125 1900 τὸν
148 1840 294 1901 πλοῦτον
316 1833 371 1900 καί
394 1837 474 1912 τοὺς
495 1837 692 1922 θησαυροὺς
713 1838 792 1914 τοὺς
815 1838 913 1913 ὄντας
936 1837 983 1912 εἰς
1005 1837 1083 1900 ταύ-

62 1963 137 2023 την.
191 1939 398 2026 ἐπολέμησαν
436 1950 521 2024 γοῦν
559 1943 702 2027 ἰσχυρῶς
737 1940 792 2007 καί
830 1944 865 2007 οἰ
898 1941 991 2019 ἐντὸς
1025 1950 1083 2026 τῆς

63 2047 276 2133 ἀκροπόλεως
298 2052 408 2134 Τρῶες
431 2049 511 2133 μετὰ
531 2057 592 2113 τοῦ
612 2050 750 2113 Αἰνείου
769 2046 824 2113 καί
844 2049 878 2114 οἰ
894 2048 955 2127 ἔξω
967 2047 1083 2132 Ἕλλη-

62 2176 123 2230 νες
155 2154 234 2237 μετα
262 2161 322 2218 τοῦ
352 2151 590 2238 Νεοπτολέμου
618 2162 679 2218 τοῦ
711 2154 790 2219 υίοῦ
816 2163 877 2219 τοῦ
901 2153 1082 2240 Ἀχιλλέως.
1102 2169 1136 2218 18

61 2258 191 2342 ὁγοῦν
214 2261 350 2337 Αἰνείας
373 2260 418 2338 ὡς
444 2254 512 2325 εἶδε
540 2259 589 2324 ὅτι
619 2259 636 2324 ὁ
664 2263 898 2344 Νεοπτόλεμος
934 2307 1014 2369 ⁰⁶⁰V
1046 2307 1118 2367 W

61 2364 151 2452 ὁρμᾷ
189 2367 331 2535 ἰσχυρῶς
367 2368 447 2450 μετὰ
486 2363 574 2432 νέαν
616 2364 857 2452 άνθράπων”
842 2392 897 2432 ινα
919 2382 1002 2426 Almo
1036 2377 1083 2425 ἀπὸ
1098 2382 1138 2437 τῆς

60 2471 172 2556 άναβη
205 2473 252 2548 εἰς
279 2473 316 2537 τὸ
345 2482 466 2556 τεῖχος,
500 2471 654 2582 ἐφοβήθη
683 2473 816 2557 σφόδρα
843 2471 899 2538 καί
922 2326 1036 2583 ἆέξπέἔε
1027 2525 1050 2567 η
1038 2448 1136 2573 ‘⁰⁹2⁰‘

61 2575 257 2748 εἰσίρχεταιί
267 2579 315 2655 εἰς
341 2579 400 2642 τὸν
427 2578 512 2643 ναὸν
540 2589 607 2642 τῶν
637 2578 827 2643 εἰδώλων’
808 2590 950 2657 οστιςιὰ
965 2589 1070 2656 όὰυρηι
1032 2589 1137 2650 αὑψηιὰ

60 2682 211 2769 ὑπηρχεν
225 2685 257 2748 εἰ
256 2709 272 2762 ς
285 2685 347 2768 τὴν
362 2684 543 2771 ἀκρόπολιν
560 2683 653 2762 ἐντὸς
667 2683 722 2749 καί
736 2685 897 2770 λαμβάνει
939 2667 982 2722 ⁰⁰⁰
1004 2665 1071 2726 ⁰⁰⁰⁰
1037 2661 1099 2708 ⁰⁰⁰⁰
1087 2677 1117 2713 ⁰⁰

60 2791 143 2867 τοὺς
164 2792 267 2867 θεοὺς
291 2790 365 2855 ὅσοι
389 2786 475 2874 ἦσαν
499 2790 568 2856 ἐκεῖ
587 2789 642 2856 καί
665 2792 706 2855 τὰ
730 2792 802 2878 ἰερά
824 2802 892 2856 τῶν
911 2797 1003 2856 θεῶν
1026 2788 1081 2855 καί

60 2896 104 2959 τά
127 2898 227 2979 σκεύη
247 2904 307 2962 τοῦ
330 2905 415 2961 ναοῦ
443 2894 497 2961 καί
526 2899 676 2981 χρήματα
702 2894 757 2961 καί
779 2897 953 2983 πράγματα
976 2899 1082 2963 πολλὰ

60 2999 118 3065 καί
143 3001 270 3086 ἀνοίγει
293 3003 399 3079 πύλας
422 3003 541 3087 μικράς
568 3000 622 3067 καί
651 3001 877 3088 κεκρυμμένας
905 3005 952 3080 εἰς
979 3008 1081 3070 τόπον

62 3106 192 3190 ἄδηλον
205 3106 260 3173 καί
280 3108 428 3192 ἐκβάλλει
447 3120 581 3191 πρῶτον
596 3110 655 3173 τὸν
673 3112 799 3195 πατέρα
818 3110 922 3174 αὐτοῦ
940 3108 1081 3194 γέροντα

62 3213 144 3276 ὄντα
168 3211 220 3278 ἐπὶ
244 3213 369 3298 ἁμάξης
391 3213 447 3279 ιιαί
469 3218 548 3292 τοὺς
575 3214 734 3301 γέροντας
761 3214 816 3280 καί
843 3217 900 3293 τὰς
923 3227 1081 3299 γυναῖκας

137 3404 440 3461 17.18Α’-ἰνειου
465 3407 534 3494 μετὰ
561 3414 610 3461 τοῦ
638 3407 738 3462 desunt
761 3409 793 3463 V.
814 3408 864 3462 ubi
889 3424 960 3461 unus
983 3424 1079 3461 versus

59 3474 140 3530 videt
128 3479 174 3530 tur
198 3476 341 3533 excidisse.
400 3482 433 3531 18
452 3479 470 3530 d
472 3476 568 3546 χιλίας
587 3479 665 3532 codd.
739 3484 773 3533 25
793 3479 827 3532 τὰ
846 3483 911 3534 ante
929 3477 1080 3550 πράγματα

60 3546 126 3602 Vat.
210 3553 244 3602 26
264 3549 363 3619 άνοίχη
384 3547 464 3603 eodd.
