2408 3826
363 193 690 248 ...XV-

158 343 264 413 Codex
277 342 516 409 Eseurialensis
531 345 569 406 X.
583 360 604 406 1.
620 341 662 407 15
677 342 864 426 catalogum
880 340 996 426 gallice
1011 362 1084 405 con·

65 451 188 515 fectum
199 448 332 514 exhibet
342 449 557 514 bibliothecae
568 445 679 513 Sirleti
689 447 874 535 cardinalis,
886 447 942 512 ubi
953 446 1085 511 affertur

68 557 168 621 etiam
175 554 201 631 J
203 577 262 620 ean
276 553 473 638 Oanabutza
488 576 544 618 sur
553 555 586 619 la
596 552 815 619 Samothrace.
823 552 847 637 ¹)
869 552 957 628 Quae
967 553 1085 617 biblio-

66 662 163 727 theca
184 665 261 746 post
280 659 391 751 Sirleti
410 666 548 726 mortem
566 660 602 724 in
620 658 779 725 Ottoboni
798 658 971 724 cardinalis
995 658 1085 738 yenit

65 768 320 852 possessionem,
347 766 439 832 cuius
461 767 539 831 libri
563 788 592 830 a·
605 756 778 832 Benedioto
797 763 878 857 XIV
901 787 988 849 papa
1011 785 1084 828 cum

65 874 265 939 bibliotheca
290 871 452 938 Vaticana
480 875 556 936 sunt
582 871 753 937 coniuncti.
800 869 882 936 (lum
911 874 1021 936 autem
1047 870 1085 948 ,in

66 980 267 1044 bibliotheca
281 977 503 1044 Ottoboniana
517 982 554 1043 ut
568 1001 653 1044 nunc
668 983 719 1044 est
731 977 936 1044 Ganabutzes
952 976 1083 1040 omnino

67 1108 134 1152 non
163 1085 360 1170 inveniatur,
393 1086 445 1150 vix
473 1085 614 1151 dubitari
644 1089 766 1169 potest,
800 1085 878 1168 quin
905 1083 1084 1148 Vaticanus
1165 1162 1169 1172 Ι

66 1194 180 1258 noster
202 1191 247 1257 sit
269 1192 353 1256 liber
375 1191 432 1256 ille
455 1189 575 1257 sirleti.
607 1189 676 1278 Nec
695 1192 859 1256 diversum
879 1190 919 1254 ab
938 1189 995 1253 illo
1015 1209 1085 1252 esse

67 1302 148 1384 puto
168 1297 312 1363 codicem
331 1297 472 1363 auctoris
486 1296 591 1362 nostri
611 1295 855 1361 aMontfaucon
874 1295 953 1360 bibl
968 1294 1083 1359 biblio·

67 1404 189 1471 thecar.
208 1402 235 1483 I,
254 1403 317 1469 201
343 1404 479 1469 allatum
502 1404 556 1487 „in
580 1404 691 1486 aliqua
707 1402 910 1467 bibliotheca
928 1401 1086 1482 Romana,

70 1511 161 1575 cuius
184 1531 304 1575 nomen
327 1507 472 1575 excidit&

159 1631 272 1697 Edidit
301 1652 340 1696 ex
368 1631 431 1696 hoc
458 1631 567 1696 codiee
589 1630 750 1697 Vaticano
774 1631 921 1716 Angelus
943 1629 1049 1695 Maius
1057 1628 1085 1714 ²)

34 1805 38 1812 ,
69 1739 213 1823 capitula
232 1734 275 1817 ιζ’
289 1774 327 1785 -
338 1734 399 1821 ιζ’,
418 1737 475 1803 ubi
495 1737 603 1822 agitur
622 1739 660 1803 de
674 1738 825 1824 Dionysii
839 1736 1087 1801 Halicarnason-

69 1845 116 1910 sis
140 1846 209 1909 vita
232 1849 265 1910 et
284 1843 323 1908 de
342 1842 548 1909 Canabutzae
566 1844 630 1910 fide
649 1845 818 1929 catholica,
837 1846 971 1929 propter
990 1864 1087 1927 quam

71 1949 208 2016 summis
231 1948 382 2015 laudibus
407 1971 480 2014 eum
504 1949 597 2014 effert
619 1948 734 2014 Maius.

160 2074 191 2139 2.
222 2071 331 2138 (lodex
353 2071 572 2137 bibliothecae
600 2073 749 2156 publicae
773 2072 985 2139 Taurinensis
1006 2073 1088 2138 ¹olim

71 2175 310 2264 ccxxxiv),
328 2200 413 2243 nunc
428 2178 522 2264 signo
542 2177 576 2244 Ο.
591 2177 631 2244 V.
649 2179 689 2244 18
709 2179 889 2245 instructus
904 2178 976 2266 (T),
995 2179 1087 2244 char-

70 2289 192 2368 taceus,
212 2285 247 2349 in
266 2288 391 2369 quarto,
411 2285 531 2350 saeculi
544 2282 633 2368 XVI,
648 2283 704 2350 fol.
721 2285 793 2369 129,
817 2306 952 2369 quorum
975 2286 1088 2369 priora

71 2391 243 2476 sexaginta
270 2391 333 2456 duo
371 2392 527 2455 exhibent
555 2388 762 2456 Cenabutzae
794 2413 883 2474 opus.
937 2389 1089 2475 Sequitur

70 2497 266 2582 γεωγραφία
303 2495 536 2583 συντομωτέρα
577 2500 765 2582 νικηφόρου
801 2499 992 2583 φιλοσόφον
1027 2504 1088 2562 τοῦ

71 2603 251 2688 βλεμίὸονς
271 2599 346 2689 (sic)
365 2602 421 2667 fol.
437 2603 584 2685 64-90,
615 2603 779 2668 κλανὸλου
800 2605 1002 2687 πτολεμαίου
1025 2603 1088 2688 φιλ-

73 2726 143 2786 σεις
174 2707 333 2774 ἀπλανῶν
369 2706 518 2793 ἀστέρων
553 2706 609 2773 καὶ
647 2710 825 2794 συναγωγὴ
862 2709 1089 2794 ἐπισημασιῶν

72 2815 130 2881 fol.
153 2815 318 2880 91-129.
364 2814 403 2879 In
431 2815 596 2900 superiore
624 2815 749 2898 primae
776 2816 916 2901 paginae
942 2818 1089 2901 margine

72 2921 193 2986 litteris
227 2921 364 2986 cursivis
396 2943 512 3005 parum
545 2923 630 2986 clarc
663 2922 820 3005 scriptum
853 2925 918 2987 est:
955 2921 991 2988 ἐκ
1022 2905 1106 2987 τῶν
1179 2957 1183 2964 -

71 3026 217 3112 γαβριὴλ
253 3034 314 3091 τοῦ
346 3027 567 3112 φιλαδελφίας
602 3035 663 3091 τοῦ
699 3026 735 3092 ἐκ
772 3029 999 3112 μονεμβασίαρ
1029 3036 1091 3092 τοῦ

151 3293 178 3361 1)
193 3288 286 3344 Miller
304 3289 323 3343 l.
338 3307 361 3345 c.
380 3308 406 3359 p.
423 3296 484 3344 332.
1050 3315 1053 3320 ·

148 3381 176 3446 2)
196 3377 297 3448 Script.
316 3379 386 3434 vett.
405 3391 479 3434 nova
497 3377 627 3434 collectio
645 3379 713 3433 tom.
728 3377 765 3447 ΙΙ,
781 3377 1056 3448 mxliii-*iamt

149 3469 176 3536 3)
195 3465 279 3522 eodo.
304 3483 368 3523 mss.
395 3466 465 3524 bibl.
494 3485 556 3542 reg.
581 3467 774 3526 'laurinensis
800 3465 904 3533 titani
921 3479 964 3539 n,
977 3448 1059 3517 aaa*
1079 3450 1143 3497 mix

66 3538 244 3607 prooemium
260 3553 365 3609 parum
385 3540 653 3617 diligenter-typis
671 3553 856 3612 exureesum
867 3531 1004 3598 iegitur.
