2408 3826
456 186 687 242 -V11—

63 338 174 403 italice
198 333 402 404 Oanabuccio
430 338 482 403 vel
505 337 694 404 Canabuzzi
709 342 861 405 vocatum
885 362 955 406 esse
975 342 1081 426 suspi-

66 443 132 508 cari
153 465 335 528 possumus.
372 442 425 510 Ita
449 445 478 509 ei
497 443 618 511 licebat
637 444 735 512 modo
754 446 896 512 formula
918 447 967 513 uti
984 447 1080 532 ἡμεῖς

65 550 102 613 ol
120 552 271 633 Λατῖνοι,
294 549 391 615 modo
414 549 507 635 ἡμεῖς
530 547 722 635 dilnvium&
745 551 809 617 huo
829 556 954 636 spectat
976 554 1079 618 totius

65 650 213 738 opusculi
235 658 464 740 argumentum
492 663 532 720 ex
555 656 716 741 Dionysio
739 657 1001 723 Halicarnasensi
1020 659 1081 724 de·

64 765 250 852 sumptum,
274 783 338 845 quo
365 761 533 828 Romanos
561 767 674 828 contra
705 763 790 828 falsa
817 764 967 843 crimina¹
982 768 1079 850 atque
1143 805 1148 816 ·

64 868 212 932 convicia
222 866 418 934 Graecorum
428 868 581 953 defendit,
595 867 824 954 comprobatur
834 871 933 936 etiam
943 893 981 937 eo
994 872 1080 956 quod

64 973 196 1060 linguae
219 974 338 1039 latinae
361 977 395 1038 et
416 975 546 1040 italicae
570 996 670 1060 aeque
694 979 745 1040 est
766 975 902 1060 peritus.
934 975 1081 1043 Comme·

65 1083 172 1145 morat
185 1080 321 1165 denique
341 1080 479 1165 arberga
493 1079 711 1146 Ganuensium
726 1080 930 1167 familiasque
944 1083 1081 1148 nobilis·

64 1187 165 1251 simas
188 1186 290 1251 Doria
308 1189 342 1250 et
366 1184 509 1270 Spinola.
538 1185 600 1252 Sed
620 1188 768 1270 quamvis
793 1188 904 1272 lingua
923 1190 1082 1255 moribus·

64 1314 126 1377 que
150 1296 296 1359 mutatus
313 1292 411 1358 fidem
434 1296 544 1357 tamen
563 1294 766 1360 conservavit
784 1294 978 1360 catholicam
997 1318 1082 1359 sum-

65 1420 182 1484 maque
206 1421 280 1465 cum
302 1399 485 1464 reverentia
508 1399 546 1464 de
569 1397 675 1464 Roma
697 1400 790 1486 urbe,
818 1423 899 1485 quae
924 1401 1081 1467 manserit

66 1510 164 1589 caput
186 1505 300 1571 mundi
313 1509 456 1591 propter
480 1505 657 1590 ecclesiam,
682 1510 715 1570 et
738 1506 776 1572 de
794 1529 899 1591 papae
913 1507 1081 1592 dignitate
1105 1566 1109 1573 .

65 1609 112 1698 (p.
132 1608 278 1698 21-23)
297 1611 439 1696 itemque
458 1631 578 1696 magno
599 1634 672 1677 cum
695 1612 828 1678 fastidio
847 1613 886 1676 de
907 1614 968 1679 diis
987 1615 1081 1679 falsis
1109 1606 1112 1611 ⁹

64 1719 216 1802 fictisque
239 1716 434 1784 Graecorum
462 1721 610 1785 veterum
638 1718 786 1803 loquitur
808 1716 854 1805 (p.
877 1721 930 1785 20.
952 1721 1006 1804 41,
1029 1719 1082 1785 29.

67 1824 210 1908 70,13).

156 1930 269 1996 Patria
302 1930 398 1996 simul
436 1934 470 1996 et
502 1930 701 1996 domicilium
737 1928 945 1998 Canabutzae
980 1930 1082 1998 Chius

66 2041 138 2104 erat
159 2037 274 2122 insula,
298 2040 332 2101 et
354 2037 426 2121 ipsa
450 2040 521 2128 tum
543 2037 579 2101 in
600 2040 764 2122 potestate
786 2038 913 2104 nobilis
934 2036 1083 2104 Ganuen-

67 2145 152 2210 sium
175 2143 319 2208 familiae
343 2141 634 2224 Giustinienorum,
658 2145 713 2227 qui
737 2165 822 2210 anno
841 2145 971 2210 demum
997 2145 1083 2211 1566

67 2272 106 2315 ea
138 2252 214 2313 sunt
244 2247 406 2335 privati.¹)
456 2248 509 2314 Ibi
541 2270 576 2313 se
606 2249 757 2314 habitare
792 2250 863 2334 ipse
898 2252 1019 2323 indicat
1049 2251 1086 2316 in

67 2354 235 2440 prooemio
263 2355 348 2439 p.2,
369 2357 425 2420 11:
459 2353 523 2439 ἐγὼ
551 2351 589 2420 dl
616 2353 844 2440 ἀπεκρινάμην
870 2357 953 2442 πρὸς
981 2356 1085 2423 αὐτόν
1116 2389 1118 2392 <

67 2462 238 2544 [loannem
271 2463 466 2549 magistrum
502 2461 661 2527 medicum
698 2461 855 2546 principis
891 2463 989 2529 Lesbi
1015 2463 1084 2529 'vel

67 2569 266 2654 Mitylenes],
288 2567 333 2645 ὡς
359 2565 435 2653 περὶ
461 2564 523 2652 μὲν
549 2576 608 2652 τῆς
631 2570 827 2652 Μιτυλήνης
849 2568 870 2655 ἦ
893 2577 959 2653 τῆς
982 2572 1084 2634 Χίου

66 2676 89 2758 ἥ
112 2698 205 2752 τινος
227 2676 329 2758 ἄλλης
351 2676 478 2751 πόλεως
508 2673 706 2759 ἀνατολικῆς
732 2671 788 2740 καὶ
810 2676 982 2760 γνωρίμου
1005 2675 1086 2759 ἡμῖν

68 2781 231 2866 οὐδεμίαν
259 2791 401 2847 ποιεῖται
429 2782 578 2865 μνήμην,
600 2778 682 2866 ’περὶ
706 2776 743 2852 δὲ
765 2783 870 2866 μόνης
891 2791 950 2866 τῆς
972 2786 1085 2867 Σαμο-

67 2885 199 2976 θρᾴκης
221 2891 328 2974 νήσου
347 2888 513 2971 διηγεῖταί
527 2909 558 2952 τι
577 2886 701 2970 ὀλίγον.
732 2885 952 2954 Confirmatur
975 2892 1083 2954 autem

68 2997 286 3061 instrumento
311 2993 452 3078 quodam
475 2991 557 3059 Chio
587 3016 671 3058 anno
698 2993 783 3059 1511
813 2991 967 3081 script02)
990 2994 1085 3081 fami·

68 3103 148 3167 liam
182 3099 449 3168 Ganabutaarum.
476 3099 511 3164 in
541 3090 600 3164 illa
632 3101 750 3165 insula.
770 3105 848 3166 tunc
885 3101 1085 3167 domicilium

122 3330 169 3411 ‚ll
187 3327 301 3397 sinay,
330 3328 434 3384 Greece
462 3328 551 3384 under
579 3328 719 3383 Othoman
748 3328 803 3383 and
831 3326 969 3383 Venetian
997 3327 1086 3382 domi-

69 3402 169 3596 ¹¹³3}
179 3405 348 3598 ZMlglglffih
378 3473 407 3526 et
433 3469 546 3543 Malles,
574 3472 644 3530 uota
671 3473 703 3527 et
730 3469 901 3540 dolomate.
921 3465 1048 3517 Quaem
1056 3457 1125 3505 XXX.

64 3557 93 3607 121
207 3558 231 3596 o.
327 3585 333 3598 ,
