2408 3826
473 173 690 237 ,29-

53 334 224 413 ωΕλληνας
248 329 311 394 ἀπὸ
334 338 392 414 τῆς
414 328 666 415 πεπλανημένης
688 332 834 410 ὑποψίας
856 333 974 416 η’ντινα
997 327 1088 417 εἶχον

74 433 151 519 περὶ
174 447 242 500 τῶν
260 432 447 519 Ῥωμόνων,
475 448 616 502 ποιεῖται
644 436 748 521 μέγαν
775 436 831 503 καὶ
855 441 963 504 πολὺν
987 441 1089 522 λόγον

63 540 120 606 καὶ
141 541 284 625 μεγάλας
293 539 348 605 καὶ
357 543 481 618 πολλὰς
496 541 679 620 ἀποδείξεις
693 542 757 607 ἀπὸ
771 549 922 608 παλαιῶν
933 545 1089 629 ἱστοριῶν

64 646 231 733 ἑλληνων,
247 640 292 712 δι’
311 642 358 712 ὧν
372 647 594 730 ἀποδεικνύει,
611 649 660 713 ότι
675 659 743 714 τῶν
752 647 927 734 Ῥωμοίνων
941 650 978 715 τὸ
993 648 1089 733 γένος

64 753 196 838 ὑπῆρχε
209 752 308 837 γένος
323 752 506 838 ἑλληνικόν.
529 764 627 819 τοῦτο
643 756 706 840 γὰρ
722 757 788 839 ἔχει
802 754 877 841 περὶ
890 761 1018 821 πολλοῦ
1032 756 1088 822 ἴνα

67 859 240 945 ἀποδείξῃ,
252 859 510 943 ἄλλοτρόπως
472 884 535 987 γαρ
545 857 646 925 οὐδὲν
658 861 825 926 δύναται“
810 886 864 927 ινα
876 861 1086 948 έκβόλλην
1024 864 1086 946 τὴν

66 969 304 1051 βαρβαρότητα
328 965 391 1031 ἀπὸ
414 975 475 1031 τοῦ
494 964 614 1048 γένους
636 977 702 1030 τῶν
718 964 902 1050 Ῥωμόνοιν.
925 983 953 1025 λ’.
932 983 1042 1109 maetina
1044 995 1102 1033 ςστο
1091 979 1144 1032 ὅλος

68 1071 158 1156 λέγει
181 1081 266 1155 γοῦν
289 1082 358 1148 πῶς
380 1083 514 1157 πρῶτον
537 1071 600 1136 ἀπὸ
628 1081 686 1155 της
709 1053 964 1157 Monam-m
926 1124 983 1174 nav,
965 1051 1143 1181 wlff

67 1195 134 1242 σου
156 1178 303 1261 ἤγουν’
285 1179 349 1243 απὸ
373 1186 433 1242 τοῦ
452 1185 516 1243 νῦν
534 1175 743 1262 καλουμένου
761 1177 905 1264 Μορέως
977 1141 1102 1248 δίνοτροι

68 1284 134 1348 ἀπὸ
153 1292 211 1367 της
227 1279 399 1369 Ἀρκαδίας
418 1281 558 1367 ἐξῆλθέν
581 1306 631 1360 τις
652 1283 790 1368 ὀνόματι
815 1289 984 1370 Οἴνωτρος
1006 1287 1087 1370 μετδι
1108 1303 1141 1351 10

68 1393 193 1455 στόλου
215 1391 360 1474 μεγάλου
384 1387 439 1455 καὶ
461 1388 652 1476 κατῴκησεν
676 1391 723 1465 είς
741 1391 781 1454 τὰ
804 1388 886 1476 μέρη
910 1401 1028 1475 ταῦτα,
1053 1392 1090 1458 ἐν

69 1487 122 1572 οἷς
146 1495 282 1580 ἐκτίσθη
306 1497 449 1581 ὕστερον
472 1494 492 1578 η
512 1493 629 1579 Ῥώμη.
673 1493 729 1560 καὶ
757 1494 949 1580 ἐκλήθησαν
977 1500 1012 1562 οί
1032 1500 1091 1563 όίν-

67 1608 207 1687 θρωποι
235 1601 355 1667 ἐκείνοι
387 1607 553 1687 Οἴνωτροι
581 1599 636 1667 καὶ
664 1601 684 1684 ἡ
711 1603 803 1687 χώρα
832 1603 891 1686 ὅλη
924 1605 1090 1689 Οἰνωτρία

68 1707 136 1772 απὸ
172 1716 233 1772 τοῦ
272 1707 434 1791 ὀνόματος
467 1708 590 1773 τούτου
625 1717 687 1772 τοῦ
724 1709 905 1793 Οἰνώτρου.
955 1739 998 1784 ω’,
1018 1738 1083 1785 ρωω
1034 1753 1123 1803 „weg

70 1814 227 1899 δεύτερος
256 1817 373 1891 στόλος
397 1812 568 1896 έλληνικὸς
595 1812 735 1897 ἐξηλθεν
761 1813 825 1878 ἀπὸ
847 1821 950 1897 τηςσ
929 1808 1025 1931 ἑόᾸΊῖ
1026 1810 1096 1924 ,ἢθη
1098 1825 1146 1923 ij

70 1922 316 2003 Πελοπονησου
342 1919 443 1983 πόλιν
469 1917 525 1983 καὶ
551 1916 743 2006 κατόκησεν
775 1920 822 1996 είς
844 1921 906 2003 τὴν
928 1965 959 1995 ω
944 1948 1062 2006 ωωωωω
1063 1952 1146 1993 Π..

74 2028 266 2090 Θετταλίαν.
297 2027 456 2089 Θετταλία
480 2020 517 2089 δὲ
535 2022 664 2108 λέγεται
682 2023 823 2110 τὰμέρη
847 2049 905 2109 της
985 2023 1084 2077 ΜΗ·

70 2132 322 2214 Θεσσαλονίκης
344 2140 401 2214 της
425 2132 613 2213 Λαρίσσης,
643 2131 714 2214 ἥτις
737 2129 792 2196 καὶ
815 2132 1012 2196 Μακεδονία
1035 2129 1087 2196 λέ-

69 2259 172 2320 γεται.
213 2234 269 2301 καὶ
292 2235 355 2301 ἀπὸ
379 2245 436 2320 της
461 2240 638 2313 Θετταλίας
666 2234 866 2321 διεπέρασαν
889 2237 948 2303 τὸν
968 2232 1091 2302 Ἰόνιον

70 2345 214 2426 κόλπον,
250 2340 290 2407 δν
321 2349 460 2408 καλοῦσι
490 2351 555 2407 νῦν
587 2345 713 2407 κόλπον
745 2351 802 2425 της
834 2345 1003 2426 Βενετίας,
1035 2340 1145 2408 καίεο

70 2447 229 2531 ἀπῆλθον
252 2451 300 2527 είς
321 2451 361 2514 τδι
384 2447 467 2535 μέρη
495 2457 598 2513 ταῦτα
625 2458 683 2533 τῆς
700 2445 825 2533 Ῥώμης
851 2447 906 2514 καὶ
930 2448 1091 2533 έμίγησαν

70 2555 244 2638 μετὰτῶν
269 2556 457 2640 Οἰνώτρων.
509 2553 662 2639 ἐλέγοντο
692 2552 729 2620 δὲ
758 2555 793 2619 οί
811 2552 971 2637 Ἕλληνες
998 2550 1092 2620 οὗτοι

72 2659 285 2743 Πελασγοδ’
267 2662 331 2726 απὸ
354 2670 415 2726 τοῦ
438 2660 600 2744 ὀνόματος
622 2669 683 2724 τοῦ
708 2656 870 2744 βασιλέως
892 2661 1002 2725 αὐτῶν
1026 2666 1092 2726 Πε

72 2770 211 2848 λασγοῦ.
265 2769 375 2852 τρίτος
405 2769 522 2843 στόλος
554 2764 724 2850 ἕλληνικὸς
756 2766 907 2849 ίιπηλθεν
929 2781 974 2839 λα’
984 2778 1145 2866 velfocovbioc

71 2873 122 2948 εςί
140 2865 282 2936 Ἰταλίαν
305 2869 359 2937 και
379 2867 476 2949 οὗτος
495 2871 558 2936 ἀπὸ
577 2896 635 2955 της
649 2869 859 2955 Ἀρκαδίας’
841 2872 940 2965 απὸ
890 2851 1028 2907 mavum
950 2867 1042 2974 wmgj
1052 2849 1146 2978 ἔγῖῑῗ,

71 2980 201 3055 πόλεως
210 2981 424 3043 Παλλαντιου
439 2976 695 3063 ὀνομαζομένου.
713 2981 834 3063 ταυτης
843 2980 907 3065 γαρ
942 2924 1042 3037 mEfflav
1013 2991 1101 3054 ονδρος.

73 3092 133 3167 τῆς
155 3083 321 3160 πόλεωςὸ
351 3086 429 3160 λαὸς
458 3084 652 3150 ἐστασίασεν
675 3084 730 3149 καὶ
757 3085 916 3171 ἐμερίσθη
948 3088 995 3162 είς
1019 3087 1090 3151 δύο.

72 3191 112 3254 τὸ
142 3199 228 3273 γοῦν
260 3190 297 3254 ἓν
329 3187 428 3274 μέρος
460 3192 504 3275 μὴ
533 3190 717 3275 ὑπομεῖναν
749 3193 811 3274 την
841 3194 1091 3275 καταφρόνησιν

147 3377 366 3452 2Ἣρωμαιανλί
414 3388 438 3438 ό.
459 3383 594 3436 θινα-
615 3382 698 3437 οὗδεν
717 3401 770 3439 om
789 3384 820 3437 in
837 3385 917 3437 textu
936 3384 998 3437 Vat.
1003 3385 1090 3450 wadd

74 3451 106 3505 in
124 3452 179 3506 fine
196 3470 261 3522 pag.
280 3469 350 3507 man
372 3469 426 3508 rec.
473 3453 524 3508 λα.
546 3451 654 3508 ίταλίαν
668 3455 732 3508 Vat
753 3453 864 3524 ubique.
912 3455 976 3509 18
961 3474 1012 3516 ιτις
1027 3454 1090 3510 vat.

75 3529 110 3579 26
131 3525 289 3577 παλαντίου
309 3523 388 3581 codd.
