<?xml version="1.0" encoding="UTF-8"?>
<!DOCTYPE html PUBLIC "-//W3C//DTD XHTML 1.0 Transitional//EN"
    "http://www.w3.org/TR/xhtml1/DTD/xhtml1-transitional.dtd">
<html xmlns="http://www.w3.org/1999/xhtml" xml:lang="en" lang="en">
 <head>
  <title>
</title>
<meta http-equiv="Content-Type" content="text/html;charset=utf-8" />
  <meta name='ocr-system' content='tesseract 3.04.00' />
  <meta name='ocr-capabilities' content='ocr_page ocr_carea ocr_par ocr_line ocrx_word'/>
</head>
<body>
  <div class='ocr_page' id='page_1' title='image "./ioanniscanabutz00canagoog_0128.png"; bbox 0 0 2408 3826; ppageno 0'>
   <div class='ocr_carea' id='block_1_1' title="bbox 468 211 686 277">
    <p class='ocr_par' dir='ltr' id='par_1_1' title="bbox 468 211 686 277">
     <span class='ocr_line' id='line_1_1' title="bbox 468 211 686 277; baseline 0.005 -19"><span class='ocrx_word' id='word_1_1' title='bbox 468 211 686 277; x_wconf 76' lang='grc'>,69-</span> 
     </span>
    </p>
   </div>
   <div class='ocr_carea' id='block_1_2' title="bbox 62 368 1135 1413">
    <p class='ocr_par' dir='ltr' id='par_1_2' title="bbox 62 368 1135 1413">
     <span class='ocr_line' id='line_1_2' title="bbox 63 368 1082 458; baseline 0.004 -24"><span class='ocrx_word' id='word_1_2' title='bbox 63 370 170 434; x_wconf 87' lang='grc' dir='ltr'><strong><em>νύκτα</em></strong></span> <span class='ocrx_word' id='word_1_3' title='bbox 194 371 241 446; x_wconf 90' lang='grc' dir='ltr'><strong><em>είς</em></strong></span> <span class='ocrx_word' id='word_1_4' title='bbox 263 370 325 453; x_wconf 87' lang='grc' dir='ltr'><strong><em>τήν</em></strong></span> <span class='ocrx_word' id='word_1_5' title='bbox 347 369 529 456; x_wconf 82' lang='grc' dir='ltr'><strong><em>ἀκρόπολιν</em></strong></span> <span class='ocrx_word' id='word_1_6' title='bbox 548 369 604 436; x_wconf 83' lang='grc' dir='ltr'><strong><em>καλ</em></strong></span> <span class='ocrx_word' id='word_1_7' title='bbox 622 368 827 456; x_wconf 77' lang='grc' dir='ltr'><strong><em>εἰσέρχονται</em></strong></span> <span class='ocrx_word' id='word_1_8' title='bbox 845 371 892 449; x_wconf 88' lang='grc' dir='ltr'><strong><em>είς</em></strong></span> <span class='ocrx_word' id='word_1_9' title='bbox 910 378 966 455; x_wconf 84' lang='grc' dir='ltr'><strong><em>τής</em></strong></span> <span class='ocrx_word' id='word_1_10' title='bbox 984 371 1082 458; x_wconf 83' lang='grc' dir='ltr'><strong><em>ἀκρο-</em></strong></span> 
     </span>
     <span class='ocr_line' id='line_1_3' title="bbox 62 475 1081 562; baseline 0.003 -22"><span class='ocrx_word' id='word_1_11' title='bbox 62 478 193 552; x_wconf 87' lang='grc' dir='ltr'><strong><em>πόλεως</em></strong></span> <span class='ocrx_word' id='word_1_12' title='bbox 225 478 284 542; x_wconf 88' lang='grc' dir='ltr'><strong><em>τὸν</em></strong></span> <span class='ocrx_word' id='word_1_13' title='bbox 316 477 493 562; x_wconf 77' lang='grc' dir='ltr'><strong><em>ἐνδότερον</em></strong></span> <span class='ocrx_word' id='word_1_14' title='bbox 524 480 628 543; x_wconf 87' lang='grc' dir='ltr'><strong><em>τόπον</em></strong></span> <span class='ocrx_word' id='word_1_15' title='bbox 657 475 713 542; x_wconf 84' lang='grc' dir='ltr'><strong><em>καλ</em></strong></span> <span class='ocrx_word' id='word_1_16' title='bbox 742 487 803 544; x_wconf 83' lang='grc' dir='ltr'><strong><em>τοῦ</em></strong></span> <span class='ocrx_word' id='word_1_17' title='bbox 832 483 927 543; x_wconf 84' lang='grc' dir='ltr'><strong><em>ναοῦ.</em></strong></span> <span class='ocrx_word' id='word_1_18' title='bbox 972 475 1028 543; x_wconf 82' lang='grc' dir='ltr'><strong><em>καὶ</em></strong></span> <span class='ocrx_word' id='word_1_19' title='bbox 1060 477 1081 562; x_wconf 84' lang='grc' dir='ltr'><strong><em>ή</em></strong></span> 
     </span>
     <span class='ocr_line' id='line_1_4' title="bbox 63 579 1082 668; baseline 0.003 -22"><span class='ocrx_word' id='word_1_20' title='bbox 63 581 130 647; x_wconf 86' lang='grc' dir='ltr'><strong><em>ἀπὸ</em></strong></span> <span class='ocrx_word' id='word_1_21' title='bbox 160 591 221 648; x_wconf 88' lang='grc' dir='ltr'><strong><em>τοῦ</em></strong></span> <span class='ocrx_word' id='word_1_22' title='bbox 249 585 360 667; x_wconf 82' lang='grc' dir='ltr'><strong><em>φόβου</em></strong></span> <span class='ocrx_word' id='word_1_23' title='bbox 388 581 443 648; x_wconf 84' lang='grc' dir='ltr'><strong><em>καλ</em></strong></span> <span class='ocrx_word' id='word_1_24' title='bbox 470 592 528 668; x_wconf 85' lang='grc' dir='ltr'><strong><em>τής</em></strong></span> <span class='ocrx_word' id='word_1_25' title='bbox 556 586 735 668; x_wconf 80' lang='grc' dir='ltr'><strong><em>συντομίας</em></strong></span> <span class='ocrx_word' id='word_1_26' title='bbox 761 583 782 668; x_wconf 84' lang='grc' dir='ltr'><strong><em>ή</em></strong></span> <span class='ocrx_word' id='word_1_27' title='bbox 812 582 868 649; x_wconf 83' lang='grc' dir='ltr'><strong><em>καλ</em></strong></span> <span class='ocrx_word' id='word_1_28' title='bbox 891 583 952 668; x_wconf 89' lang='grc' dir='ltr'><strong><em>οὐχ</em></strong></span> <span class='ocrx_word' id='word_1_29' title='bbox 981 579 1082 668; x_wconf 84' lang='grc' dir='ltr'><strong><em>εὖρον</em></strong></span> 
     </span>
     <span class='ocr_line' id='line_1_5' title="bbox 62 687 1082 774; baseline 0 -20"><span class='ocrx_word' id='word_1_30' title='bbox 62 689 101 754; x_wconf 89' lang='grc' dir='ltr'><strong><em>τὸ</em></strong></span> <span class='ocrx_word' id='word_1_31' title='bbox 136 687 250 768; x_wconf 79' lang='grc' dir='ltr'><strong><em>ἕτερον</em></strong></span> <span class='ocrx_word' id='word_1_32' title='bbox 281 690 480 770; x_wconf 77' lang='grc' dir='ltr'><strong><em>παλλάδιον,</em></strong></span> <span class='ocrx_word' id='word_1_33' title='bbox 522 690 611 773; x_wconf 79' lang='grc' dir='ltr'><strong><em>ὅμως</em></strong></span> <span class='ocrx_word' id='word_1_34' title='bbox 642 689 851 774; x_wconf 81' lang='grc' dir='ltr'><strong><em>λαμβάνουσι</em></strong></span> <span class='ocrx_word' id='word_1_35' title='bbox 884 689 922 755; x_wconf 86' lang='grc' dir='ltr'><strong><em>τὸ</em></strong></span> <span class='ocrx_word' id='word_1_36' title='bbox 959 690 996 756; x_wconf 71' lang='grc' dir='ltr'><strong><em>ἓν</em></strong></span> <span class='ocrx_word' id='word_1_37' title='bbox 1027 687 1082 755; x_wconf 82' lang='grc' dir='ltr'><strong><em>καὶ</em></strong></span> 
     </span>
     <span class='ocr_line' id='line_1_6' title="bbox 63 793 1082 882; baseline 0.001 -22"><span class='ocrx_word' id='word_1_38' title='bbox 63 793 265 880; x_wconf 77' lang='grc' dir='ltr'><strong><em>ἀπέρχονται</em></strong></span> <span class='ocrx_word' id='word_1_39' title='bbox 289 797 336 872; x_wconf 86' lang='grc' dir='ltr'><strong><em>είς</em></strong></span> <span class='ocrx_word' id='word_1_40' title='bbox 361 799 421 862; x_wconf 84' lang='grc' dir='ltr'><strong><em>τὸν</em></strong></span> <span class='ocrx_word' id='word_1_41' title='bbox 445 799 586 882; x_wconf 83' lang='grc' dir='ltr'><strong><em>στρατὸν</em></strong></span> <span class='ocrx_word' id='word_1_42' title='bbox 615 793 875 880; x_wconf 85' lang='grc' dir='ltr'><strong><em>τῶνἙλλήνων</em></strong></span> <span class='ocrx_word' id='word_1_43' title='bbox 903 795 1003 862; x_wconf 90' lang='grc' dir='ltr'><strong><em>πάλιν</em></strong></span> <span class='ocrx_word' id='word_1_44' title='bbox 1026 797 1082 861; x_wconf 84' lang='grc' dir='ltr'><strong><em>διά</em></strong></span> 
     </span>
     <span class='ocr_line' id='line_1_7' title="bbox 62 900 1082 989; baseline 0.002 -24"><span class='ocrx_word' id='word_1_45' title='bbox 62 909 123 984; x_wconf 74' lang='grc' dir='ltr'><strong><em>τῆς</em></strong></span> <span class='ocrx_word' id='word_1_46' title='bbox 149 904 278 979; x_wconf 87' lang='grc' dir='ltr'><strong><em>νυκτός.</em></strong></span> <span class='ocrx_word' id='word_1_47' title='bbox 322 902 465 988; x_wconf 78' lang='grc' dir='ltr'><strong><em>ὕστερον</em></strong></span> <span class='ocrx_word' id='word_1_48' title='bbox 498 900 535 968; x_wconf 73' lang='grc' dir='ltr'><strong><em>δὲ</em></strong></span> <span class='ocrx_word' id='word_1_49' title='bbox 565 904 767 989; x_wconf 75' lang='grc' dir='ltr'><strong><em>διεφήμισαν</em></strong></span> <span class='ocrx_word' id='word_1_50' title='bbox 799 912 898 969; x_wconf 86' lang='grc' dir='ltr'><strong><em>τοῦτο</em></strong></span> <span class='ocrx_word' id='word_1_51' title='bbox 927 904 975 980; x_wconf 87' lang='grc' dir='ltr'><strong><em>είς</em></strong></span> <span class='ocrx_word' id='word_1_52' title='bbox 1003 905 1082 979; x_wconf 85' lang='grc' dir='ltr'><strong><em>τοὺς</em></strong></span> 
     </span>
     <span class='ocr_line' id='line_1_8' title="bbox 68 1002 1083 1094; baseline -0.001 -21"><span class='ocrx_word' id='word_1_53' title='bbox 68 1011 186 1092; x_wconf 82' lang='grc' dir='ltr'><strong><em>Τρῶας</em></strong></span> <span class='ocrx_word' id='word_1_54' title='bbox 207 1005 262 1073; x_wconf 82' lang='grc' dir='ltr'><strong><em>καὶ</em></strong></span> <span class='ocrx_word' id='word_1_55' title='bbox 285 1008 446 1092; x_wconf 80' lang='grc' dir='ltr'><strong><em>ἐτάραξαν</em></strong></span> <span class='ocrx_word' id='word_1_56' title='bbox 473 1009 604 1086; x_wconf 83' lang='grc' dir='ltr'><strong><em>αὐτούς.</em></strong></span> <span class='ocrx_word' id='word_1_57' title='bbox 640 1007 686 1073; x_wconf 86' lang='grc' dir='ltr'><strong><em>ὀί</em></strong></span> <span class='ocrx_word' id='word_1_58' title='bbox 711 1002 773 1073; x_wconf 84' lang='grc' dir='ltr'><strong><em>οὖν</em></strong></span> <span class='ocrx_word' id='word_1_59' title='bbox 802 1009 896 1072; x_wconf 84' lang='grc' dir='ltr'><strong><em>άλλοι</em></strong></span> <span class='ocrx_word' id='word_1_60' title='bbox 921 1006 1083 1094; x_wconf 84' lang='grc' dir='ltr'><strong><em>ίστορικολ</em></strong></span> 
     </span>
     <span class='ocr_line' id='line_1_9' title="bbox 62 1113 1083 1200; baseline -0.001 -20"><span class='ocrx_word' id='word_1_61' title='bbox 62 1113 120 1180; x_wconf 84' lang='grc' dir='ltr'><strong><em>καλ</em></strong></span> <span class='ocrx_word' id='word_1_62' title='bbox 153 1114 172 1179; x_wconf 86' lang='grc' dir='ltr'><strong><em>δ</em></strong></span> <span class='ocrx_word' id='word_1_63' title='bbox 203 1117 451 1198; x_wconf 88' lang='grc' dir='ltr'><strong><em>Καλλίστρατος</em></strong></span> <span class='ocrx_word' id='word_1_64' title='bbox 484 1115 574 1192; x_wconf 87' lang='grc' dir='ltr'><strong><em>ὅστις</em></strong></span> <span class='ocrx_word' id='word_1_65' title='bbox 602 1118 725 1200; x_wconf 80' lang='grc' dir='ltr'><strong><em>ἔγραψε</em></strong></span> <span class='ocrx_word' id='word_1_66' title='bbox 757 1116 820 1199; x_wconf 90' lang='grc' dir='ltr'><strong><em>τήν</em></strong></span> <span class='ocrx_word' id='word_1_67' title='bbox 848 1114 999 1200; x_wconf 76' lang='grc' dir='ltr'><strong><em>ἱστορίαν</em></strong></span> <span class='ocrx_word' id='word_1_68' title='bbox 1025 1122 1083 1198; x_wconf 80' lang='grc' dir='ltr'><strong><em>τῆς</em></strong></span> 
     </span>
     <span class='ocr_line' id='line_1_10' title="bbox 63 1218 1083 1306; baseline 0.001 -21"><span class='ocrx_word' id='word_1_69' title='bbox 63 1219 294 1306; x_wconf 75' lang='grc' dir='ltr'><strong><em>Σαμοθρᾴκης</em></strong></span> <span class='ocrx_word' id='word_1_70' title='bbox 324 1218 380 1285; x_wconf 79' lang='grc' dir='ltr'><strong><em>καὶ</em></strong></span> <span class='ocrx_word' id='word_1_71' title='bbox 416 1220 434 1286; x_wconf 85' lang='grc' dir='ltr'>ὁ</span> <span class='ocrx_word' id='word_1_72' title='bbox 467 1222 622 1305; x_wconf 86' lang='grc' dir='ltr'><strong><em>Σάτυρος</em></strong></span> <span class='ocrx_word' id='word_1_73' title='bbox 652 1222 748 1304; x_wconf 56' lang='grc' dir='ltr'><strong><em>ζὸστις</em></strong></span> <span class='ocrx_word' id='word_1_74' title='bbox 779 1224 969 1305; x_wconf 90' lang='grc' dir='ltr'><strong><em>συνήγαγεν</em></strong></span> <span class='ocrx_word' id='word_1_75' title='bbox 1004 1223 1083 1298; x_wconf 80' lang='grc' dir='ltr'><strong><em>τοὺς</em></strong></span> 
     </span>
     <span class='ocr_line' id='line_1_11' title="bbox 64 1325 1135 1413; baseline 0.001 -22"><span class='ocrx_word' id='word_1_76' title='bbox 64 1327 198 1411; x_wconf 78' lang='grc' dir='ltr'><strong><em>μύθους</em></strong></span> <span class='ocrx_word' id='word_1_77' title='bbox 217 1337 284 1392; x_wconf 88' lang='grc' dir='ltr'><strong><em>τῶν</em></strong></span> <span class='ocrx_word' id='word_1_78' title='bbox 299 1325 468 1411; x_wconf 85' lang='grc' dir='ltr'><strong><em>Ἑλλήνων</em></strong></span> <span class='ocrx_word' id='word_1_79' title='bbox 486 1329 600 1404; x_wconf 85' lang='grc' dir='ltr'><strong><em>καθὼς</em></strong></span> <span class='ocrx_word' id='word_1_80' title='bbox 619 1334 754 1412; x_wconf 87' lang='grc' dir='ltr'><strong><em>είτιομεν</em></strong></span> <span class='ocrx_word' id='word_1_81' title='bbox 771 1328 962 1413; x_wconf 78' lang='grc' dir='ltr'><strong><em>γράφουσιν</em></strong></span> <span class='ocrx_word' id='word_1_82' title='bbox 977 1326 1083 1404; x_wconf 76' lang='grc' dir='ltr'><strong><em>οὕτως</em></strong></span> <span class='ocrx_word' id='word_1_83' title='bbox 1102 1343 1135 1392; x_wconf 87' lang='grc'><strong><em>10</em></strong></span> 
     </span>
    </p>
   </div>
   <div class='ocr_carea' id='block_1_3' title="bbox 63 1430 1134 1575">
    <p class='ocr_par' dir='ltr' id='par_1_3' title="bbox 63 1430 1134 1575">
     <span class='ocr_line' id='line_1_12' title="bbox 63 1430 1134 1575; baseline 0 -77"><span class='ocrx_word' id='word_1_84' title='bbox 63 1430 141 1518; x_wconf 86' lang='grc' dir='ltr'><strong><em>περὶ</em></strong></span> <span class='ocrx_word' id='word_1_85' title='bbox 163 1445 230 1500; x_wconf 84' lang='grc' dir='ltr'><strong><em>τῶν</em></strong></span> <span class='ocrx_word' id='word_1_86' title='bbox 253 1441 344 1501; x_wconf 82' lang='grc' dir='ltr'><strong><em>θεῶν</em></strong></span> <span class='ocrx_word' id='word_1_87' title='bbox 368 1435 497 1499; x_wconf 87' lang='grc' dir='ltr'><strong><em>τούτων</em></strong></span> <span class='ocrx_word' id='word_1_88' title='bbox 519 1432 575 1500; x_wconf 81' lang='grc' dir='ltr'><strong><em>καὶ</em></strong></span> <span class='ocrx_word' id='word_1_89' title='bbox 602 1445 670 1500; x_wconf 83' lang='grc' dir='ltr'><strong><em>τῶν</em></strong></span> <span class='ocrx_word' id='word_1_90' title='bbox 697 1436 900 1500; x_wconf 81' lang='grc' dir='ltr'><strong><em>παλλαδίων</em></strong></span> <span class='ocrx_word' id='word_1_91' title='bbox 924 1495 989 1575; x_wconf 52' lang='lat'><strong><em>‘³²</em></strong></span> <span class='ocrx_word' id='word_1_92' title='bbox 991 1494 1101 1559; x_wconf 59' lang='lat' dir='ltr'><strong><em>ideam</em></strong></span> <span class='ocrx_word' id='word_1_93' title='bbox 1093 1496 1134 1540; x_wconf 60' lang='grc' dir='ltr'><strong>ὁ</strong></span> 
     </span>
    </p>
   </div>
   <div class='ocr_carea' id='block_1_4' title="bbox 62 1535 1137 1838">
    <p class='ocr_par' dir='ltr' id='par_1_4' title="bbox 62 1535 1136 1838">
     <span class='ocr_line' id='line_1_13' title="bbox 64 1535 1136 1630; baseline 0.006 -25"><span class='ocrx_word' id='word_1_94' title='bbox 64 1536 146 1605; x_wconf 73' lang='grc' dir='ltr'><strong><em>δδδ</em></strong></span> <span class='ocrx_word' id='word_1_95' title='bbox 168 1543 387 1617; x_wconf 86' lang='grc' dir='ltr'><strong><em>παλαιότατος</em></strong></span> <span class='ocrx_word' id='word_1_96' title='bbox 408 1542 547 1625; x_wconf 90' lang='grc' dir='ltr'><strong><em>ποιητής</em></strong></span> <span class='ocrx_word' id='word_1_97' title='bbox 561 1535 729 1625; x_wconf 76' lang='grc' dir='ltr'><strong><em>Ἀρκτῖνος</em></strong></span> <span class='ocrx_word' id='word_1_98' title='bbox 747 1540 839 1606; x_wconf 85' lang='grc' dir='ltr'><strong><em>δνί</em></strong></span> <span class='ocrx_word' id='word_1_99' title='bbox 811 1546 941 1612; x_wconf 67' lang='grc' dir='ltr'><strong><em>είπο-,ι</em></strong></span> <span class='ocrx_word' id='word_1_100' title='bbox 922 1564 1018 1626; x_wconf 53' lang='grc' dir='ltr'><strong><em>ποιητής</em></strong></span> <span class='ocrx_word' id='word_1_101' title='bbox 1048 1565 1136 1630; x_wconf 67' lang='grc' dir='ltr'><strong><em>Ἀρκεῖ.</em></strong></span> 
     </span>
     <span class='ocr_line' id='line_1_14' title="bbox 64 1638 1137 1824; baseline 0.003 -113"><span class='ocrx_word' id='word_1_102' title='bbox 64 1669 126 1730; x_wconf 88' lang='grc' dir='ltr'><strong><em>μεν</em></strong></span> <span class='ocrx_word' id='word_1_103' title='bbox 150 1647 272 1733; x_wconf 85' lang='grc' dir='ltr'><strong><em>γράφει</em></strong></span> <span class='ocrx_word' id='word_1_104' title='bbox 295 1643 467 1732; x_wconf 75' lang='grc' dir='ltr'><strong><em>διαφόρως</em></strong></span> <span class='ocrx_word' id='word_1_105' title='bbox 485 1648 568 1731; x_wconf 87' lang='grc' dir='ltr'><strong><em>πρὸς</em></strong></span> <span class='ocrx_word' id='word_1_106' title='bbox 585 1650 665 1724; x_wconf 86' lang='grc' dir='ltr'><strong><em>τοὺς</em></strong></span> <span class='ocrx_word' id='word_1_107' title='bbox 682 1648 805 1725; x_wconf 81' lang='grc' dir='ltr'><strong><em>ἀλλους</em></strong></span> <span class='ocrx_word' id='word_1_108' title='bbox 822 1647 900 1713; x_wconf 86' lang='grc' dir='ltr'><strong><em>ταύ-</em></strong></span> <span class='ocrx_word' id='word_1_109' title='bbox 922 1641 1022 1754; x_wconf 51' lang='lat' dir='ltr'><strong><em>‘affl‘</em></strong></span> <span class='ocrx_word' id='word_1_110' title='bbox 1021 1638 1053 1760; x_wconf 46' lang='grc' dir='ltr'><strong><em>ἐξ</em></strong></span> <span class='ocrx_word' id='word_1_111' title='bbox 1053 1639 1137 1824; x_wconf 44' lang='lat'><strong><em>¹15²</em></strong></span> 
     </span>
     <span class='ocr_line' id='line_1_15' title="bbox 62 1725 1031 1838; baseline 0.005 -19"><span class='ocrx_word' id='word_1_112' title='bbox 62 1777 126 1838; x_wconf 90' lang='grc' dir='ltr'><strong><em>την</em></strong></span> <span class='ocrx_word' id='word_1_113' title='bbox 153 1755 216 1838; x_wconf 87' lang='grc' dir='ltr'><strong><em>τήν</em></strong></span> <span class='ocrx_word' id='word_1_114' title='bbox 245 1751 320 1836; x_wconf 81' lang='grc' dir='ltr'><strong><em>περὶ</em></strong></span> <span class='ocrx_word' id='word_1_115' title='bbox 352 1754 481 1818; x_wconf 83' lang='grc' dir='ltr'><strong><em>τούτων</em></strong></span> <span class='ocrx_word' id='word_1_116' title='bbox 514 1752 671 1838; x_wconf 88' lang='grc' dir='ltr'><strong><em>ίστορίαν.</em></strong></span> <span class='ocrx_word' id='word_1_117' title='bbox 722 1752 809 1836; x_wconf 81' lang='grc' dir='ltr'><strong><em>λέγει</em></strong></span> <span class='ocrx_word' id='word_1_118' title='bbox 836 1754 899 1838; x_wconf 80' lang='grc' dir='ltr'><strong><em>γὰρ</em></strong></span> <span class='ocrx_word' id='word_1_119' title='bbox 922 1725 1031 1826; x_wconf 50' lang='lat' dir='ltr'><em>{avum</em></span> 
     </span>
    </p>
   </div>
   <div class='ocr_carea' id='block_1_5' title="bbox 64 1849 1027 1946">
    <p class='ocr_par' dir='ltr' id='par_1_5' title="bbox 64 1849 1027 1946">
     <span class='ocr_line' id='line_1_16' title="bbox 64 1849 1027 1946; baseline -0.003 -20"><span class='ocrx_word' id='word_1_120' title='bbox 64 1860 116 1926; x_wconf 81' lang='grc' dir='ltr'><strong><em>ὅτι</em></strong></span> <span class='ocrx_word' id='word_1_121' title='bbox 140 1859 158 1926; x_wconf 85' lang='grc' dir='ltr'>ὁ</span> <span class='ocrx_word' id='word_1_122' title='bbox 178 1862 300 1936; x_wconf 86' lang='grc' dir='ltr'><strong><em>Ζεὺςέ</em></strong></span> <span class='ocrx_word' id='word_1_123' title='bbox 285 1861 408 1925; x_wconf 89' lang='grc' dir='ltr'><strong><em>ἐδωκεν</em></strong></span> <span class='ocrx_word' id='word_1_124' title='bbox 430 1861 514 1945; x_wconf 86' lang='grc' dir='ltr'><strong><em>πρὸς</em></strong></span> <span class='ocrx_word' id='word_1_125' title='bbox 535 1862 595 1925; x_wconf 89' lang='grc' dir='ltr'><strong><em>τὸν</em></strong></span> <span class='ocrx_word' id='word_1_126' title='bbox 613 1861 797 1946; x_wconf 91' lang='grc' dir='ltr'><strong><em>Δάρδανον</em></strong></span> <span class='ocrx_word' id='word_1_127' title='bbox 814 1865 896 1925; x_wconf 84' lang='grc' dir='ltr'><strong><em>παλ·</em></strong></span> <span class='ocrx_word' id='word_1_128' title='bbox 918 1849 1027 1910; x_wconf 59' lang='grc' dir='ltr'><strong><em>μλδουκ</em></strong></span> 
     </span>
    </p>
   </div>
   <div class='ocr_carea' id='block_1_6' title="bbox 966 1848 1153 1903">
    <p class='ocr_par' dir='ltr' id='par_1_6' title="bbox 966 1848 1153 1903">
     <span class='ocr_line' id='line_1_17' title="bbox 966 1848 1153 1903; baseline 0.006 -9.176"><span class='ocrx_word' id='word_1_129' title='bbox 966 1866 1043 1903; x_wconf 87' lang='grc' dir='ltr'><strong><em>ς</em></strong></span> <span class='ocrx_word' id='word_1_130' title='bbox 1028 1848 1153 1896; x_wconf 64' lang='grc' dir='ltr'><strong><em>Όδν</em></strong></span> 
     </span>
    </p>
   </div>
   <div class='ocr_carea' id='block_1_7' title="bbox 63 1920 1136 2065">
    <p class='ocr_par' dir='ltr' id='par_1_7' title="bbox 63 1920 1136 2065">
     <span class='ocr_line' id='line_1_18' title="bbox 63 1920 1136 2065; baseline -0.016 -32"><span class='ocrx_word' id='word_1_131' title='bbox 63 1967 184 2032; x_wconf 91' lang='grc' dir='ltr'><strong><em>λάδιον</em></strong></span> <span class='ocrx_word' id='word_1_132' title='bbox 211 1967 248 2032; x_wconf 74' lang='grc' dir='ltr'><strong><em>ἓν</em></strong></span> <span class='ocrx_word' id='word_1_133' title='bbox 271 1965 524 2051; x_wconf 86' lang='grc' dir='ltr'><strong><em>ἀχειροποίητον</em></strong></span> <span class='ocrx_word' id='word_1_134' title='bbox 552 1967 657 2050; x_wconf 89' lang='grc' dir='ltr'><strong><em>ήγουν</em></strong></span> <span class='ocrx_word' id='word_1_135' title='bbox 680 1968 820 2042; x_wconf 89' lang='grc' dir='ltr'><strong><em>είδωλον</em></strong></span> <span class='ocrx_word' id='word_1_136' title='bbox 843 1974 966 2065; x_wconf 65' lang='grc' dir='ltr'><strong><em>τήςσκ</em></strong></span> <span class='ocrx_word' id='word_1_137' title='bbox 922 1920 1031 2040; x_wconf 46' lang='grc' dir='ltr'><strong><em>σωέςζὲἴ</em></strong></span> <span class='ocrx_word' id='word_1_138' title='bbox 1024 1920 1136 2038; x_wconf 52' lang='lat' dir='ltr'><strong><em>ffiwf</em></strong></span> 
     </span>
    </p>
   </div>
   <div class='ocr_carea' id='block_1_8' title="bbox 62 2178 1136 3431">
    <p class='ocr_par' dir='ltr' id='par_1_8' title="bbox 64 2178 900 2263">
     <span class='ocr_line' id='line_1_19' title="bbox 64 2178 900 2263; baseline -0.001 -19"><span class='ocrx_word' id='word_1_139' title='bbox 64 2183 148 2256; x_wconf 92' lang='grc' dir='ltr'><strong><em>λεως</em></strong></span> <span class='ocrx_word' id='word_1_140' title='bbox 175 2188 232 2263; x_wconf 79' lang='grc' dir='ltr'><strong><em>τῆς</em></strong></span> <span class='ocrx_word' id='word_1_141' title='bbox 259 2178 443 2261; x_wconf 93' lang='grc' dir='ltr'><strong><em>Δαρδάνου</em></strong></span> <span class='ocrx_word' id='word_1_142' title='bbox 471 2178 514 2261; x_wconf 77' lang='grc' dir='ltr'><strong><em>ἣν</em></strong></span> <span class='ocrx_word' id='word_1_143' title='bbox 542 2180 727 2262; x_wconf 78' lang='grc' dir='ltr'><strong><em>ἔκτισεν,</em></strong></span> <span class='ocrx_word' id='word_1_144' title='bbox 716 2179 796 2262; x_wconf 90' lang='grc' dir='ltr'><strong><em>όπερ</em></strong></span> <span class='ocrx_word' id='word_1_145' title='bbox 819 2184 900 2243; x_wconf 90' lang='grc' dir='ltr'><strong><em>παλ-</em></strong></span> 
     </span>
    </p>

    <p class='ocr_par' dir='ltr' id='par_1_9' title="bbox 62 2283 1136 3431">
     <span class='ocr_line' id='line_1_20' title="bbox 63 2283 1081 2369; baseline -0.003 -19"><span class='ocrx_word' id='word_1_146' title='bbox 63 2285 222 2350; x_wconf 92' lang='grc' dir='ltr'><strong><em>λάδιον</em></strong></span> <span class='ocrx_word' id='word_1_147' title='bbox 207 2284 350 2369; x_wconf 85' lang='grc' dir='ltr'><strong><em>όστερον</em></strong></span> <span class='ocrx_word' id='word_1_148' title='bbox 373 2283 530 2369; x_wconf 77' lang='grc' dir='ltr'><strong><em>μετετέθη</em></strong></span> <span class='ocrx_word' id='word_1_149' title='bbox 560 2287 607 2362; x_wconf 88' lang='grc' dir='ltr'><strong><em>είς</em></strong></span> <span class='ocrx_word' id='word_1_150' title='bbox 633 2287 671 2350; x_wconf 92' lang='grc' dir='ltr'><strong><em>τὸ</em></strong></span> <span class='ocrx_word' id='word_1_151' title='bbox 690 2283 797 2350; x_wconf 84' lang='grc' dir='ltr'><strong><em>Ἴλιον</em></strong></span> <span class='ocrx_word' id='word_1_152' title='bbox 824 2287 871 2362; x_wconf 89' lang='grc' dir='ltr'><strong><em>είς</em></strong></span> <span class='ocrx_word' id='word_1_153' title='bbox 898 2284 959 2367; x_wconf 90' lang='grc' dir='ltr'><strong><em>τήν</em></strong></span> <span class='ocrx_word' id='word_1_154' title='bbox 982 2284 1081 2348; x_wconf 93' lang='grc' dir='ltr'><strong><em>πόλιν</em></strong></span> 
     </span>
     <span class='ocr_line' id='line_1_21' title="bbox 64 2388 1136 2476; baseline -0.002 -20"><span class='ocrx_word' id='word_1_155' title='bbox 64 2401 133 2457; x_wconf 81' lang='grc' dir='ltr'><strong><em>τῶν</em></strong></span> <span class='ocrx_word' id='word_1_156' title='bbox 156 2392 281 2475; x_wconf 84' lang='grc' dir='ltr'><strong><em>Τρώων</em></strong></span> <span class='ocrx_word' id='word_1_157' title='bbox 304 2388 358 2455; x_wconf 78' lang='grc' dir='ltr'><strong><em>καί</em></strong></span> <span class='ocrx_word' id='word_1_158' title='bbox 378 2390 503 2476; x_wconf 79' lang='grc' dir='ltr'><strong><em>ὑπῆρχε</em></strong></span> <span class='ocrx_word' id='word_1_159' title='bbox 522 2390 750 2476; x_wconf 83' lang='grc' dir='ltr'><strong><em>κεκρυμμένον</em></strong></span> <span class='ocrx_word' id='word_1_160' title='bbox 769 2391 816 2467; x_wconf 86' lang='grc' dir='ltr'><strong><em>είς</em></strong></span> <span class='ocrx_word' id='word_1_161' title='bbox 833 2392 937 2455; x_wconf 93' lang='grc' dir='ltr'><strong><em>τόπον</em></strong></span> <span class='ocrx_word' id='word_1_162' title='bbox 956 2390 1082 2473; x_wconf 81' lang='grc' dir='ltr'><strong><em>ἀδήλου</em></strong></span> <span class='ocrx_word' id='word_1_163' title='bbox 1101 2405 1136 2455; x_wconf 81' lang='lat'><strong><em>20</em></strong></span> 
     </span>
     <span class='ocr_line' id='line_1_22' title="bbox 65 2494 1083 2581; baseline -0.001 -20"><span class='ocrx_word' id='word_1_164' title='bbox 65 2494 121 2562; x_wconf 82' lang='grc' dir='ltr'><strong><em>καὶ</em></strong></span> <span class='ocrx_word' id='word_1_165' title='bbox 145 2498 270 2579; x_wconf 84' lang='grc' dir='ltr'><strong><em>άβατον</em></strong></span> <span class='ocrx_word' id='word_1_166' title='bbox 294 2497 409 2563; x_wconf 89' lang='grc' dir='ltr'><strong><em>ὅντινα</em></strong></span> <span class='ocrx_word' id='word_1_167' title='bbox 433 2497 509 2562; x_wconf 74' lang='grc' dir='ltr'><strong><em>οὔτε</em></strong></span> <span class='ocrx_word' id='word_1_168' title='bbox 533 2495 695 2579; x_wconf 86' lang='grc' dir='ltr'><strong><em>ἐγίνωσκέ</em></strong></span> <span class='ocrx_word' id='word_1_169' title='bbox 713 2520 763 2574; x_wconf 88' lang='grc' dir='ltr'><strong><em>τις</em></strong></span> <span class='ocrx_word' id='word_1_170' title='bbox 786 2495 850 2562; x_wconf 89' lang='grc' dir='ltr'><strong><em>ἀπὸ</em></strong></span> <span class='ocrx_word' id='word_1_171' title='bbox 873 2507 940 2562; x_wconf 81' lang='grc' dir='ltr'><strong><em>τῶν</em></strong></span> <span class='ocrx_word' id='word_1_172' title='bbox 959 2496 1083 2581; x_wconf 82' lang='grc' dir='ltr'><strong><em>Τρώων</em></strong></span> 
     </span>
     <span class='ocr_line' id='line_1_23' title="bbox 66 2599 1082 2687; baseline -0.001 -18"><span class='ocrx_word' id='word_1_173' title='bbox 66 2604 143 2670; x_wconf 76' lang='grc' dir='ltr'><strong><em>οὔτε</em></strong></span> <span class='ocrx_word' id='word_1_174' title='bbox 167 2605 335 2687; x_wconf 78' lang='grc' dir='ltr'><strong><em>εἰσήρχετο</em></strong></span> <span class='ocrx_word' id='word_1_175' title='bbox 367 2603 447 2685; x_wconf 81' lang='grc' dir='ltr'><strong><em>ἐκεί,</em></strong></span> <span class='ocrx_word' id='word_1_176' title='bbox 476 2599 548 2667; x_wconf 87' lang='grc' dir='ltr'><strong><em>ἀλλ’</em></strong></span> <span class='ocrx_word' id='word_1_177' title='bbox 575 2602 687 2687; x_wconf 87' lang='grc' dir='ltr'><strong><em>ἐπειδή</em></strong></span> <span class='ocrx_word' id='word_1_178' title='bbox 715 2604 753 2667; x_wconf 87' lang='grc' dir='ltr'><strong><em>τὸ</em></strong></span> <span class='ocrx_word' id='word_1_179' title='bbox 775 2603 961 2668; x_wconf 87' lang='grc' dir='ltr'><strong><em>παλλάδιον</em></strong></span> <span class='ocrx_word' id='word_1_180' title='bbox 983 2610 1082 2668; x_wconf 86' lang='grc' dir='ltr'><strong><em>τοῦτο</em></strong></span> 
     </span>
     <span class='ocr_line' id='line_1_24' title="bbox 65 2707 1083 2795; baseline -0.002 -20"><span class='ocrx_word' id='word_1_181' title='bbox 65 2710 221 2795; x_wconf 86' lang='grc' dir='ltr'><strong><em>ἐφαίνετο</em></strong></span> <span class='ocrx_word' id='word_1_182' title='bbox 243 2709 294 2774; x_wconf 81' lang='grc' dir='ltr'><strong><em>ὅτι</em></strong></span> <span class='ocrx_word' id='word_1_183' title='bbox 313 2710 471 2792; x_wconf 87' lang='grc' dir='ltr'><strong><em>φυλάττει</em></strong></span> <span class='ocrx_word' id='word_1_184' title='bbox 489 2710 551 2791; x_wconf 87' lang='grc' dir='ltr'><strong><em>τήν</em></strong></span> <span class='ocrx_word' id='word_1_185' title='bbox 569 2711 668 2775; x_wconf 92' lang='grc' dir='ltr'><strong><em>πόλιν</em></strong></span> <span class='ocrx_word' id='word_1_186' title='bbox 688 2707 753 2775; x_wconf 87' lang='grc' dir='ltr'><strong><em>ἀπὸ</em></strong></span> <span class='ocrx_word' id='word_1_187' title='bbox 771 2718 832 2774; x_wconf 83' lang='grc' dir='ltr'><strong><em>τοῦ</em></strong></span> <span class='ocrx_word' id='word_1_188' title='bbox 849 2708 997 2794; x_wconf 86' lang='grc' dir='ltr'><strong><em>πολέμου</em></strong></span> <span class='ocrx_word' id='word_1_189' title='bbox 1015 2719 1083 2773; x_wconf 84' lang='grc' dir='ltr'><strong><em>τῶν</em></strong></span> 
     </span>
     <span class='ocr_line' id='line_1_25' title="bbox 62 2810 1084 2900; baseline -0.001 -19"><span class='ocrx_word' id='word_1_190' title='bbox 62 2813 233 2900; x_wconf 84' lang='grc' dir='ltr'><strong><em>Ἑλλήνων</em></strong></span> <span class='ocrx_word' id='word_1_191' title='bbox 247 2813 302 2880; x_wconf 82' lang='grc' dir='ltr'><strong><em>καὶ</em></strong></span> <span class='ocrx_word' id='word_1_192' title='bbox 316 2810 383 2900; x_wconf 80' lang='grc' dir='ltr'><strong><em>εἶχε</em></strong></span> <span class='ocrx_word' id='word_1_193' title='bbox 398 2819 513 2900; x_wconf 91' lang='grc' dir='ltr'><strong><em>φήμην</em></strong></span> <span class='ocrx_word' id='word_1_194' title='bbox 528 2815 674 2900; x_wconf 80' lang='grc' dir='ltr'><strong><em>μεγάλην</em></strong></span> <span class='ocrx_word' id='word_1_195' title='bbox 687 2817 733 2892; x_wconf 90' lang='grc' dir='ltr'><strong><em>είς</em></strong></span> <span class='ocrx_word' id='word_1_196' title='bbox 746 2817 806 2880; x_wconf 88' lang='grc' dir='ltr'><strong><em>τὸν</em></strong></span> <span class='ocrx_word' id='word_1_197' title='bbox 815 2818 942 2899; x_wconf 91' lang='grc' dir='ltr'><strong><em>κόσμον</em></strong></span> <span class='ocrx_word' id='word_1_198' title='bbox 952 2815 996 2892; x_wconf 80' lang='grc' dir='ltr'><strong><em>ὡς</em></strong></span> <span class='ocrx_word' id='word_1_199' title='bbox 1005 2818 1084 2880; x_wconf 89' lang='grc' dir='ltr'><strong><em>θεό-</em></strong></span> 
     </span>
     <span class='ocr_line' id='line_1_26' title="bbox 66 2918 1082 3007; baseline 0 -19"><span class='ocrx_word' id='word_1_200' title='bbox 66 2942 215 3007; x_wconf 88' lang='grc' dir='ltr'><strong><em>πεμπτον</em></strong></span> <span class='ocrx_word' id='word_1_201' title='bbox 240 2918 294 2986; x_wconf 81' lang='grc' dir='ltr'><strong><em>καλ</em></strong></span> <span class='ocrx_word' id='word_1_202' title='bbox 320 2921 590 3006; x_wconf 87' lang='grc' dir='ltr'><strong><em>ἀχειροποίητον,</em></strong></span> <span class='ocrx_word' id='word_1_203' title='bbox 609 2921 818 3006; x_wconf 80' lang='grc' dir='ltr'><strong><em>φοβούμενοι</em></strong></span> <span class='ocrx_word' id='word_1_204' title='bbox 840 2922 874 2986; x_wconf 73' lang='lat' dir='ltr'><strong><em>oc</em></strong></span> <span class='ocrx_word' id='word_1_205' title='bbox 894 2926 1003 3007; x_wconf 81' lang='grc' dir='ltr'><strong><em>Τρῶες</em></strong></span> <span class='ocrx_word' id='word_1_206' title='bbox 1020 2923 1082 3006; x_wconf 87' lang='grc' dir='ltr'><strong><em>τήν</em></strong></span> 
     </span>
     <span class='ocr_line' id='line_1_27' title="bbox 66 3026 1083 3113; baseline 0 -20"><span class='ocrx_word' id='word_1_207' title='bbox 66 3029 194 3112; x_wconf 87' lang='grc' dir='ltr'><strong><em>κλοπήν</em></strong></span> <span class='ocrx_word' id='word_1_208' title='bbox 216 3026 271 3093; x_wconf 82' lang='grc' dir='ltr'><strong><em>καὶ</em></strong></span> <span class='ocrx_word' id='word_1_209' title='bbox 293 3029 354 3112; x_wconf 89' lang='grc' dir='ltr'><strong><em>τήν</em></strong></span> <span class='ocrx_word' id='word_1_210' title='bbox 372 3027 563 3112; x_wconf 86' lang='grc' dir='ltr'><strong><em>ἐπιβουλήν,</em></strong></span> <span class='ocrx_word' id='word_1_211' title='bbox 588 3029 832 3093; x_wconf 84' lang='grc' dir='ltr'><strong><em>κατεσκεύασαν</em></strong></span> <span class='ocrx_word' id='word_1_212' title='bbox 850 3027 1083 3113; x_wconf 80' lang='grc' dir='ltr'><strong><em>κεκρυμμένος</em></strong></span> 
     </span>
     <span class='ocr_line' id='line_1_28' title="bbox 68 3132 1083 3219; baseline -0.003 -18"><span class='ocrx_word' id='word_1_213' title='bbox 68 3137 146 3219; x_wconf 84' lang='grc' dir='ltr'><strong><em>μετὰ</em></strong></span> <span class='ocrx_word' id='word_1_214' title='bbox 160 3133 278 3219; x_wconf 88' lang='grc' dir='ltr'><strong><em>τέχνης</em></strong></span> <span class='ocrx_word' id='word_1_215' title='bbox 293 3135 436 3218; x_wconf 89' lang='grc' dir='ltr'><strong><em>μεγάλης</em></strong></span> <span class='ocrx_word' id='word_1_216' title='bbox 450 3133 564 3217; x_wconf 76' lang='grc' dir='ltr'><strong><em>ἕτερον</em></strong></span> <span class='ocrx_word' id='word_1_217' title='bbox 579 3132 764 3198; x_wconf 90' lang='grc' dir='ltr'><strong><em>παλλάδιον</em></strong></span> <span class='ocrx_word' id='word_1_218' title='bbox 779 3134 896 3219; x_wconf 82' lang='grc' dir='ltr'><strong><em>ὅμοιον</em></strong></span> <span class='ocrx_word' id='word_1_219' title='bbox 909 3132 965 3200; x_wconf 82' lang='grc' dir='ltr'><strong><em>καὶ</em></strong></span> <span class='ocrx_word' id='word_1_220' title='bbox 979 3135 1083 3218; x_wconf 86' lang='grc' dir='ltr'><strong><em>ἀπαρ-</em></strong></span> 
     </span>
     <span class='ocr_line' id='line_1_29' title="bbox 68 3238 1082 3327; baseline -0.001 -21"><span class='ocrx_word' id='word_1_221' title='bbox 68 3242 230 3307; x_wconf 88' lang='grc' dir='ltr'><strong><em>άλλακτον</em></strong></span> <span class='ocrx_word' id='word_1_222' title='bbox 252 3242 334 3305; x_wconf 84' lang='grc' dir='ltr'><strong><em>κατὰ</em></strong></span> <span class='ocrx_word' id='word_1_223' title='bbox 347 3241 453 3305; x_wconf 90' lang='grc' dir='ltr'><strong><em>πάντα</em></strong></span> <span class='ocrx_word' id='word_1_224' title='bbox 468 3248 513 3327; x_wconf 77' lang='grc' dir='ltr'><strong><em>τῷ</em></strong></span> <span class='ocrx_word' id='word_1_225' title='bbox 533 3239 715 3326; x_wconf 78' lang='grc' dir='ltr'><strong><em>ἀρχετύπῳ.</em></strong></span> <span class='ocrx_word' id='word_1_226' title='bbox 744 3238 799 3305; x_wconf 79' lang='grc' dir='ltr'><strong><em>καὶ</em></strong></span> <span class='ocrx_word' id='word_1_227' title='bbox 818 3241 880 3306; x_wconf 85' lang='grc' dir='ltr'><strong><em>οὐκ</em></strong></span> <span class='ocrx_word' id='word_1_228' title='bbox 899 3240 1082 3324; x_wconf 81' lang='grc' dir='ltr'><strong><em>ἐγίνωσκον</em></strong></span> 
     </span>
     <span class='ocr_line' id='line_1_30' title="bbox 68 3346 1086 3431; baseline 0.001 -20"><span class='ocrx_word' id='word_1_229' title='bbox 68 3355 165 3413; x_wconf 83' lang='grc' dir='ltr'><strong><em>τοῦτο</em></strong></span> <span class='ocrx_word' id='word_1_230' title='bbox 185 3348 217 3412; x_wconf 93' lang='grc' dir='ltr'><strong><em>εί</em></strong></span> <span class='ocrx_word' id='word_1_231' title='bbox 233 3348 277 3431; x_wconf 86' lang='grc' dir='ltr'><strong><em>μή</em></strong></span> <span class='ocrx_word' id='word_1_232' title='bbox 294 3350 391 3431; x_wconf 92' lang='grc' dir='ltr'><strong><em>μόνοι</em></strong></span> <span class='ocrx_word' id='word_1_233' title='bbox 411 3346 531 3413; x_wconf 80' lang='grc' dir='ltr'><strong><em>ἐκεῖνοι</em></strong></span> <span class='ocrx_word' id='word_1_234' title='bbox 551 3346 671 3423; x_wconf 79' lang='grc' dir='ltr'><strong><em>οἵτινες</em></strong></span> <span class='ocrx_word' id='word_1_235' title='bbox 688 3348 932 3413; x_wconf 86' lang='grc' dir='ltr'><strong><em>κατεσκεύασαν</em></strong></span> <span class='ocrx_word' id='word_1_236' title='bbox 952 3346 1032 3412; x_wconf 86' lang='grc' dir='ltr'><strong><em>αὐτὸ</em></strong></span> <span class='ocrx_word' id='word_1_237' title='bbox 1051 3347 1086 3412; x_wconf 90' lang='grc' dir='ltr'><strong><em>οί</em></strong></span> 
     </span>
    </p>
   </div>
   <div class='ocr_carea' id='block_1_9' title="bbox 140 3572 925 3645">
    <p class='ocr_par' dir='ltr' id='par_1_10' title="bbox 140 3572 925 3645">
     <span class='ocr_line' id='line_1_31' title="bbox 140 3572 925 3645; baseline 0.003 -17"><span class='ocrx_word' id='word_1_238' title='bbox 140 3579 156 3628; x_wconf 78' lang='grc' dir='ltr'>ὅ</span> <span class='ocrx_word' id='word_1_239' title='bbox 176 3574 226 3630; x_wconf 89' lang='grc' dir='ltr'><strong><em>τὸν</em></strong></span> <span class='ocrx_word' id='word_1_240' title='bbox 245 3575 309 3644; x_wconf 67' lang='grc' dir='ltr'><strong><em>φοοδ</em></strong></span> <span class='ocrx_word' id='word_1_241' title='bbox 329 3572 446 3645; x_wconf 90' lang='grc' dir='ltr'><strong><em>στρατόν</em></strong></span> <span class='ocrx_word' id='word_1_242' title='bbox 461 3574 524 3629; x_wconf 84' lang='lat' dir='ltr'><strong>add.</strong></span> <span class='ocrx_word' id='word_1_243' title='bbox 540 3573 573 3632; x_wconf 88' lang='lat' dir='ltr'><strong><em>V.</em></strong></span> <span class='ocrx_word' id='word_1_244' title='bbox 629 3582 644 3630; x_wconf 82' lang='lat'>6</span> <span class='ocrx_word' id='word_1_245' title='bbox 664 3573 843 3645; x_wconf 86' lang='grc' dir='ltr'><strong><em>διεφήμησαν</em></strong></span> <span class='ocrx_word' id='word_1_246' title='bbox 857 3575 925 3630; x_wconf 53' lang='lat' dir='ltr'><strong><em>Vax.</em></strong></span> 
     </span>
    </p>
   </div>
   <div class='ocr_carea' id='block_1_10' title="bbox 0 0 1217 3826">
    <p class='ocr_par' dir='ltr' id='par_1_11' title="bbox 0 0 1217 3826">
     <span class='ocr_line' id='line_1_32' title="bbox 0 0 1217 3826; baseline 0 0"><span class='ocrx_word' id='word_1_247' title='bbox 0 0 1217 3826; x_wconf 95' lang='lat' dir='ltr'><strong><em> </em></strong></span> 
     </span>
    </p>
   </div>
  </div>
 </body>
</html>
