<?xml version="1.0" encoding="UTF-8"?>
<!DOCTYPE html PUBLIC "-//W3C//DTD XHTML 1.0 Transitional//EN"
    "http://www.w3.org/TR/xhtml1/DTD/xhtml1-transitional.dtd">
<html xmlns="http://www.w3.org/1999/xhtml" xml:lang="en" lang="en">
 <head>
  <title>
</title>
<meta http-equiv="Content-Type" content="text/html;charset=utf-8" />
  <meta name='ocr-system' content='tesseract 3.04.00' />
  <meta name='ocr-capabilities' content='ocr_page ocr_carea ocr_par ocr_line ocrx_word'/>
</head>
<body>
  <div class='ocr_page' id='page_1' title='image "./ioanniscanabutz00canagoog_0038.png"; bbox 0 0 2408 3826; ppageno 0'>
   <div class='ocr_carea' id='block_1_1' title="bbox 468 170 684 234">
    <p class='ocr_par' dir='ltr' id='par_1_1' title="bbox 468 170 684 234">
     <span class='ocr_line' id='line_1_1' title="bbox 468 170 684 234; baseline 0 -19"><span class='ocrx_word' id='word_1_1' title='bbox 468 170 684 234; x_wconf 59' lang='lat'><strong><em>„11-</em></strong></span> 
     </span>
    </p>
   </div>
   <div class='ocr_carea' id='block_1_2' title="bbox 65 323 1144 3385">
    <p class='ocr_par' dir='ltr' id='par_1_2' title="bbox 65 323 1144 3385">
     <span class='ocr_line' id='line_1_2' title="bbox 68 323 1084 413; baseline -0.001 -22"><span class='ocrx_word' id='word_1_2' title='bbox 68 329 204 411; x_wconf 88' lang='grc' dir='ltr'><strong><em>χυμίαν,</em></strong></span> <span class='ocrx_word' id='word_1_3' title='bbox 227 326 269 409; x_wconf 76' lang='grc' dir='ltr'><strong><em>ἥν</em></strong></span> <span class='ocrx_word' id='word_1_4' title='bbox 288 349 377 403; x_wconf 89' lang='grc' dir='ltr'><strong><em>τινες</em></strong></span> <span class='ocrx_word' id='word_1_5' title='bbox 394 335 462 391; x_wconf 85' lang='grc' dir='ltr'><strong><em>τῶν</em></strong></span> <span class='ocrx_word' id='word_1_6' title='bbox 480 328 636 393; x_wconf 82' lang='grc' dir='ltr'><strong><em>Λατίνων</em></strong></span> <span class='ocrx_word' id='word_1_7' title='bbox 655 329 909 413; x_wconf 79' lang='grc' dir='ltr'><strong><em>βαρβαρίζοντες</em></strong></span> <span class='ocrx_word' id='word_1_8' title='bbox 927 323 1084 408; x_wconf 81' lang='grc' dir='ltr'><strong><em>λέγουσιν</em></strong></span> 
     </span>
     <span class='ocr_line' id='line_1_3' title="bbox 69 431 1085 517; baseline -0.001 -21"><span class='ocrx_word' id='word_1_9' title='bbox 69 433 247 516; x_wconf 86' lang='grc' dir='ltr'><strong><em>ἀρκύμιαν,</em></strong></span> <span class='ocrx_word' id='word_1_10' title='bbox 266 431 458 517; x_wconf 80' lang='grc' dir='ltr'><strong><em>ὀφείλοντες</em></strong></span> <span class='ocrx_word' id='word_1_11' title='bbox 476 432 585 517; x_wconf 83' lang='grc' dir='ltr'><strong><em>λέγειν</em></strong></span> <span class='ocrx_word' id='word_1_12' title='bbox 604 434 682 517; x_wconf 87' lang='grc' dir='ltr'><strong><em>άρτε</em></strong></span> <span class='ocrx_word' id='word_1_13' title='bbox 700 433 800 517; x_wconf 91' lang='grc' dir='ltr'><strong><em>κύμια</em></strong></span> <span class='ocrx_word' id='word_1_14' title='bbox 818 434 893 515; x_wconf 75' lang='grc' dir='ltr'><strong><em>ἤτοι</em></strong></span> <span class='ocrx_word' id='word_1_15' title='bbox 910 431 1008 516; x_wconf 83' lang='grc' dir='ltr'><strong><em>τέχνη</em></strong></span> <span class='ocrx_word' id='word_1_16' title='bbox 1027 440 1085 515; x_wconf 80' lang='grc' dir='ltr'><strong><em>της</em></strong></span> 
     </span>
     <span class='ocr_line' id='line_1_4' title="bbox 69 535 1085 624; baseline -0.002 -21"><span class='ocrx_word' id='word_1_17' title='bbox 69 540 197 623; x_wconf 72' lang='grc' dir='ltr'><strong><em>χυμίας.</em></strong></span> <span class='ocrx_word' id='word_1_18' title='bbox 240 539 326 603; x_wconf 88' lang='grc' dir='ltr'><strong><em>διότι</em></strong></span> <span class='ocrx_word' id='word_1_19' title='bbox 358 536 395 603; x_wconf 74' lang='grc' dir='ltr'><strong><em>δέ</em></strong></span> <span class='ocrx_word' id='word_1_20' title='bbox 421 540 463 604; x_wconf 85' lang='grc' dir='ltr'><strong><em>τά</em></strong></span> <span class='ocrx_word' id='word_1_21' title='bbox 490 537 633 624; x_wconf 86' lang='grc' dir='ltr'><strong><em>μέταλλα</em></strong></span> <span class='ocrx_word' id='word_1_22' title='bbox 664 538 771 604; x_wconf 90' lang='grc' dir='ltr'><strong><em>πάντα</em></strong></span> <span class='ocrx_word' id='word_1_23' title='bbox 802 538 929 603; x_wconf 76' lang='grc' dir='ltr'><strong><em>διαλύει</em></strong></span> <span class='ocrx_word' id='word_1_24' title='bbox 957 535 1013 602; x_wconf 83' lang='grc' dir='ltr'><strong><em>καὶ</em></strong></span> <span class='ocrx_word' id='word_1_25' title='bbox 1040 536 1085 614; x_wconf 81' lang='grc' dir='ltr'><strong><em>ὡς</em></strong></span> 
     </span>
     <span class='ocr_line' id='line_1_5' title="bbox 68 642 1083 731; baseline -0.002 -22"><span class='ocrx_word' id='word_1_26' title='bbox 68 645 161 731; x_wconf 80' lang='grc' dir='ltr'><strong><em>ὕδωρ</em></strong></span> <span class='ocrx_word' id='word_1_27' title='bbox 187 644 426 730; x_wconf 73' lang='grc' dir='ltr'><strong><em>διακεχυμένον</em></strong></span> <span class='ocrx_word' id='word_1_28' title='bbox 453 655 544 711; x_wconf 82' lang='grc' dir='ltr'><strong><em>ποιεί</em></strong></span> <span class='ocrx_word' id='word_1_29' title='bbox 568 646 649 710; x_wconf 88' lang='grc' dir='ltr'><strong><em>άυευ</em></strong></span> <span class='ocrx_word' id='word_1_30' title='bbox 671 646 777 731; x_wconf 89' lang='grc' dir='ltr'><strong><em>πυρὸς</em></strong></span> <span class='ocrx_word' id='word_1_31' title='bbox 803 642 858 709; x_wconf 77' lang='grc' dir='ltr'><strong><em>καί</em></strong></span> <span class='ocrx_word' id='word_1_32' title='bbox 880 644 1083 729; x_wconf 86' lang='grc' dir='ltr'><strong><em>χωνεύσεως,</em></strong></span> 
     </span>
     <span class='ocr_line' id='line_1_6' title="bbox 68 748 1083 835; baseline 0 -21"><span class='ocrx_word' id='word_1_33' title='bbox 68 752 126 815; x_wconf 85' lang='grc' dir='ltr'><strong><em>διά</em></strong></span> <span class='ocrx_word' id='word_1_34' title='bbox 158 758 256 815; x_wconf 92' lang='grc' dir='ltr'><strong><em>τοῦτο</em></strong></span> <span class='ocrx_word' id='word_1_35' title='bbox 288 752 389 834; x_wconf 91' lang='grc' dir='ltr'><strong><em>χυμία</em></strong></span> <span class='ocrx_word' id='word_1_36' title='bbox 420 748 561 833; x_wconf 83' lang='grc' dir='ltr'><strong><em>λέγεται·</em></strong></span> <span class='ocrx_word' id='word_1_37' title='bbox 602 751 720 834; x_wconf 72' lang='grc' dir='ltr'><strong><em>ἥντινα</em></strong></span> <span class='ocrx_word' id='word_1_38' title='bbox 757 748 877 834; x_wconf 83' lang='grc' dir='ltr'><strong><em>τέχνην</em></strong></span> <span class='ocrx_word' id='word_1_39' title='bbox 910 748 1083 835; x_wconf 80' lang='grc' dir='ltr'><strong><em>ἐνεργοῦσι</em></strong></span> 
     </span>
     <span class='ocr_line' id='line_1_7' title="bbox 68 854 1084 942; baseline -0.001 -21"><span class='ocrx_word' id='word_1_40' title='bbox 68 856 179 939; x_wconf 81' lang='grc' dir='ltr'><strong><em>ὀλίγοι</em></strong></span> <span class='ocrx_word' id='word_1_41' title='bbox 202 857 335 942; x_wconf 86' lang='grc' dir='ltr'><strong><em>σφόδρα</em></strong></span> <span class='ocrx_word' id='word_1_42' title='bbox 357 856 419 940; x_wconf 79' lang='grc' dir='ltr'><strong><em>την</em></strong></span> <span class='ocrx_word' id='word_1_43' title='bbox 443 859 588 942; x_wconf 81' lang='grc' dir='ltr'><strong><em>σήμερον</em></strong></span> <span class='ocrx_word' id='word_1_44' title='bbox 612 857 668 921; x_wconf 83' lang='grc' dir='ltr'><strong><em>διά</em></strong></span> <span class='ocrx_word' id='word_1_45' title='bbox 690 858 751 940; x_wconf 82' lang='grc' dir='ltr'><strong><em>την</em></strong></span> <span class='ocrx_word' id='word_1_46' title='bbox 776 865 834 942; x_wconf 78' lang='grc' dir='ltr'><strong><em>τῆς</em></strong></span> <span class='ocrx_word' id='word_1_47' title='bbox 854 858 975 941; x_wconf 80' lang='grc' dir='ltr'><strong><em>σοφίας</em></strong></span> <span class='ocrx_word' id='word_1_48' title='bbox 993 854 1084 921; x_wconf 89' lang='grc' dir='ltr'><strong><em>ἐλάτ-</em></strong></span> 
     </span>
     <span class='ocr_line' id='line_1_8' title="bbox 68 960 1085 1048; baseline 0 -22"><span class='ocrx_word' id='word_1_49' title='bbox 68 980 181 1029; x_wconf 92' lang='grc' dir='ltr'><strong><em>τωσιν.</em></strong></span> <span class='ocrx_word' id='word_1_50' title='bbox 226 960 281 1027; x_wconf 81' lang='grc' dir='ltr'><strong><em>καὶ</em></strong></span> <span class='ocrx_word' id='word_1_51' title='bbox 304 964 368 1046; x_wconf 87' lang='grc' dir='ltr'><strong><em>γάρ</em></strong></span> <span class='ocrx_word' id='word_1_52' title='bbox 392 963 474 1047; x_wconf 82' lang='grc' dir='ltr'><strong><em>αὕτη</em></strong></span> <span class='ocrx_word' id='word_1_53' title='bbox 500 965 641 1028; x_wconf 89' lang='grc' dir='ltr'><strong><em>δύναται</em></strong></span> <span class='ocrx_word' id='word_1_54' title='bbox 663 964 720 1039; x_wconf 83' lang='grc' dir='ltr'><strong><em>τάς</em></strong></span> <span class='ocrx_word' id='word_1_55' title='bbox 742 974 810 1029; x_wconf 82' lang='grc' dir='ltr'><strong><em>τῶν</em></strong></span> <span class='ocrx_word' id='word_1_56' title='bbox 833 963 1003 1048; x_wconf 80' lang='grc' dir='ltr'><strong><em>μετάλλων</em></strong></span> <span class='ocrx_word' id='word_1_57' title='bbox 1027 963 1085 1026; x_wconf 93' lang='grc' dir='ltr'><strong><em>δυ-</em></strong></span> 
     </span>
     <span class='ocr_line' id='line_1_9' title="bbox 66 1067 1084 1153; baseline 0 -21"><span class='ocrx_word' id='word_1_58' title='bbox 66 1069 184 1152; x_wconf 89' lang='grc' dir='ltr'><strong><em>νάμεις</em></strong></span> <span class='ocrx_word' id='word_1_59' title='bbox 216 1069 432 1152; x_wconf 78' lang='grc' dir='ltr'><strong><em>μεταβάλλειν</em></strong></span> <span class='ocrx_word' id='word_1_60' title='bbox 459 1067 515 1134; x_wconf 83' lang='grc' dir='ltr'><strong><em>καὶ</em></strong></span> <span class='ocrx_word' id='word_1_61' title='bbox 547 1070 605 1145; x_wconf 85' lang='grc' dir='ltr'><strong><em>τάς</em></strong></span> <span class='ocrx_word' id='word_1_62' title='bbox 637 1069 753 1145; x_wconf 87' lang='grc' dir='ltr'><strong><em>οὐσίας</em></strong></span> <span class='ocrx_word' id='word_1_63' title='bbox 784 1068 895 1134; x_wconf 81' lang='grc' dir='ltr'><strong><em>αὐτῶν</em></strong></span> <span class='ocrx_word' id='word_1_64' title='bbox 927 1071 973 1145; x_wconf 85' lang='grc' dir='ltr'><strong><em>είς</em></strong></span> <span class='ocrx_word' id='word_1_65' title='bbox 1004 1069 1084 1153; x_wconf 85' lang='grc' dir='ltr'><strong><em>ὅπερ</em></strong></span> 
     </span>
     <span class='ocr_line' id='line_1_10' title="bbox 65 1171 1085 1261; baseline -0.001 -22"><span class='ocrx_word' id='word_1_66' title='bbox 65 1172 123 1239; x_wconf 84' lang='grc' dir='ltr'><strong><em>καὶ</em></strong></span> <span class='ocrx_word' id='word_1_67' title='bbox 146 1175 317 1258; x_wconf 88' lang='grc' dir='ltr'><strong><em>βούλεται,</em></strong></span> <span class='ocrx_word' id='word_1_68' title='bbox 347 1172 402 1240; x_wconf 82' lang='grc' dir='ltr'><strong><em>καλ</em></strong></span> <span class='ocrx_word' id='word_1_69' title='bbox 424 1185 516 1240; x_wconf 77' lang='grc' dir='ltr'><strong><em>ποιεῖ</em></strong></span> <span class='ocrx_word' id='word_1_70' title='bbox 535 1176 595 1240; x_wconf 91' lang='grc' dir='ltr'><strong><em>τὸν</em></strong></span> <span class='ocrx_word' id='word_1_71' title='bbox 618 1175 835 1261; x_wconf 86' lang='grc' dir='ltr'><strong><em>ύδράργυρον</em></strong></span> <span class='ocrx_word' id='word_1_72' title='bbox 858 1175 1007 1260; x_wconf 84' lang='grc' dir='ltr'><strong><em>ἀργυρον</em></strong></span> <span class='ocrx_word' id='word_1_73' title='bbox 1029 1171 1085 1238; x_wconf 84' lang='grc' dir='ltr'><strong><em>καὶ</em></strong></span> 
     </span>
     <span class='ocr_line' id='line_1_11' title="bbox 66 1275 1138 1368; baseline -0.004 -23"><span class='ocrx_word' id='word_1_74' title='bbox 66 1282 127 1345; x_wconf 90' lang='grc' dir='ltr'><strong><em>τὸν</em></strong></span> <span class='ocrx_word' id='word_1_75' title='bbox 151 1282 300 1367; x_wconf 87' lang='grc' dir='ltr'><strong><em>ἀργυρον</em></strong></span> <span class='ocrx_word' id='word_1_76' title='bbox 324 1275 424 1357; x_wconf 80' lang='grc' dir='ltr'><strong><em>αὖθις</em></strong></span> <span class='ocrx_word' id='word_1_77' title='bbox 446 1281 662 1368; x_wconf 85' lang='grc' dir='ltr'><strong><em>ύδράργυρον</em></strong></span> <span class='ocrx_word' id='word_1_78' title='bbox 685 1279 739 1346; x_wconf 81' lang='grc' dir='ltr'><strong><em>καλ</em></strong></span> <span class='ocrx_word' id='word_1_79' title='bbox 762 1289 911 1367; x_wconf 82' lang='grc' dir='ltr'><strong><em>χρυσοῦν</em></strong></span> <span class='ocrx_word' id='word_1_80' title='bbox 933 1280 1088 1345; x_wconf 79' lang='grc' dir='ltr'><strong><em>ἀποτελεῖ</em></strong></span> <span class='ocrx_word' id='word_1_81' title='bbox 1106 1292 1138 1340; x_wconf 86' lang='grc'><strong><em>10</em></strong></span> 
     </span>
     <span class='ocr_line' id='line_1_12' title="bbox 65 1384 1085 1473; baseline -0.001 -22"><span class='ocrx_word' id='word_1_82' title='bbox 65 1389 128 1452; x_wconf 89' lang='grc' dir='ltr'><strong><em>τὸν</em></strong></span> <span class='ocrx_word' id='word_1_83' title='bbox 150 1390 284 1472; x_wconf 88' lang='grc' dir='ltr'><strong><em>χαλκόν,</em></strong></span> <span class='ocrx_word' id='word_1_84' title='bbox 308 1387 466 1464; x_wconf 82' lang='grc' dir='ltr'><strong><em>ὡσαύτως</em></strong></span> <span class='ocrx_word' id='word_1_85' title='bbox 490 1384 527 1452; x_wconf 75' lang='grc' dir='ltr'><strong><em>δὲ</em></strong></span> <span class='ocrx_word' id='word_1_86' title='bbox 549 1386 605 1453; x_wconf 86' lang='grc' dir='ltr'><strong><em>καὶ</em></strong></span> <span class='ocrx_word' id='word_1_87' title='bbox 627 1388 687 1452; x_wconf 89' lang='grc' dir='ltr'><strong><em>τὸν</em></strong></span> <span class='ocrx_word' id='word_1_88' title='bbox 710 1389 870 1473; x_wconf 86' lang='grc' dir='ltr'><strong><em>άργυρον,</em></strong></span> <span class='ocrx_word' id='word_1_89' title='bbox 894 1384 949 1452; x_wconf 82' lang='grc' dir='ltr'><strong><em>καλ</em></strong></span> <span class='ocrx_word' id='word_1_90' title='bbox 968 1387 1085 1469; x_wconf 91' lang='grc' dir='ltr'><strong><em>βάπτει</em></strong></span> 
     </span>
     <span class='ocr_line' id='line_1_13' title="bbox 66 1490 1085 1579; baseline -0.001 -21"><span class='ocrx_word' id='word_1_91' title='bbox 66 1496 189 1569; x_wconf 78' lang='grc' dir='ltr'><strong><em>λίθους</em></strong></span> <span class='ocrx_word' id='word_1_92' title='bbox 220 1490 275 1557; x_wconf 81' lang='grc' dir='ltr'><strong><em>καὶ</em></strong></span> <span class='ocrx_word' id='word_1_93' title='bbox 308 1493 516 1576; x_wconf 91' lang='grc' dir='ltr'><strong><em>κρύσταλλον</em></strong></span> <span class='ocrx_word' id='word_1_94' title='bbox 549 1495 595 1570; x_wconf 88' lang='grc' dir='ltr'><strong><em>είς</em></strong></span> <span class='ocrx_word' id='word_1_95' title='bbox 631 1494 739 1558; x_wconf 90' lang='grc' dir='ltr'><strong><em>πάντα</em></strong></span> <span class='ocrx_word' id='word_1_96' title='bbox 771 1495 811 1558; x_wconf 83' lang='grc' dir='ltr'><strong><em>τά</em></strong></span> <span class='ocrx_word' id='word_1_97' title='bbox 842 1493 998 1579; x_wconf 81' lang='grc' dir='ltr'><strong><em>χρώματα</em></strong></span> <span class='ocrx_word' id='word_1_98' title='bbox 1030 1491 1085 1558; x_wconf 82' lang='grc' dir='ltr'><strong><em>καὶ</em></strong></span> 
     </span>
     <span class='ocr_line' id='line_1_14' title="bbox 66 1594 1085 1691; baseline -0.001 -27"><span class='ocrx_word' id='word_1_99' title='bbox 66 1600 198 1664; x_wconf 77' lang='grc' dir='ltr'><strong><em>διαλύει</em></strong></span> <span class='ocrx_word' id='word_1_100' title='bbox 221 1599 413 1684; x_wconf 92' lang='grc' dir='ltr'><strong><em>μαργάρους</em></strong></span> <span class='ocrx_word' id='word_1_101' title='bbox 435 1597 491 1664; x_wconf 83' lang='grc' dir='ltr'><strong><em>καὶ</em></strong></span> <span class='ocrx_word' id='word_1_102' title='bbox 514 1594 615 1676; x_wconf 85' lang='grc' dir='ltr'><strong><em>αὖθις</em></strong></span> <span class='ocrx_word' id='word_1_103' title='bbox 637 1600 777 1691; x_wconf 87' lang='grc' dir='ltr'><strong><em>τούτους</em></strong></span> <span class='ocrx_word' id='word_1_104' title='bbox 801 1602 984 1683; x_wconf 85' lang='grc' dir='ltr'><strong><em>συνίστησι.</em></strong></span> <span class='ocrx_word' id='word_1_105' title='bbox 1029 1597 1085 1663; x_wconf 82' lang='grc' dir='ltr'><strong><em>καὶ</em></strong></span> 
     </span>
     <span class='ocr_line' id='line_1_15' title="bbox 67 1704 1085 1790; baseline -0.001 -19"><span class='ocrx_word' id='word_1_106' title='bbox 67 1704 171 1771; x_wconf 82' lang='grc' dir='ltr'><strong><em>οὐδέν</em></strong></span> <span class='ocrx_word' id='word_1_107' title='bbox 204 1705 294 1770; x_wconf 82' lang='grc' dir='ltr'><strong><em>ἐστιν</em></strong></span> <span class='ocrx_word' id='word_1_108' title='bbox 332 1705 369 1771; x_wconf 90' lang='grc' dir='ltr'><strong><em>ἐν</em></strong></span> <span class='ocrx_word' id='word_1_109' title='bbox 401 1706 563 1790; x_wconf 77' lang='grc' dir='ltr'><strong><em>μετάλλου</em></strong></span> <span class='ocrx_word' id='word_1_110' title='bbox 598 1706 718 1790; x_wconf 84' lang='grc' dir='ltr'><strong><em>φύσει,</em></strong></span> <span class='ocrx_word' id='word_1_111' title='bbox 756 1705 774 1770; x_wconf 88' lang='grc' dir='ltr'>ὃ</span> <span class='ocrx_word' id='word_1_112' title='bbox 807 1706 851 1789; x_wconf 81' lang='grc' dir='ltr'><strong><em>μὴ</em></strong></span> <span class='ocrx_word' id='word_1_113' title='bbox 889 1704 1085 1770; x_wconf 91' lang='grc' dir='ltr'><strong><em>ἐναλάσσειν</em></strong></span> 
     </span>
     <span class='ocr_line' id='line_1_16' title="bbox 65 1809 1085 1898; baseline -0.001 -21"><span class='ocrx_word' id='word_1_114' title='bbox 65 1809 123 1877; x_wconf 82' lang='grc' dir='ltr'><strong><em>καὶ</em></strong></span> <span class='ocrx_word' id='word_1_115' title='bbox 146 1822 336 1896; x_wconf 74' lang='grc' dir='ltr'><strong><em>μεταποιείν</em></strong></span> <span class='ocrx_word' id='word_1_116' title='bbox 360 1813 406 1889; x_wconf 88' lang='grc' dir='ltr'><strong><em>είς</em></strong></span> <span class='ocrx_word' id='word_1_117' title='bbox 434 1810 550 1898; x_wconf 77' lang='grc' dir='ltr'><strong><em>ἑτέραν</em></strong></span> <span class='ocrx_word' id='word_1_118' title='bbox 578 1813 742 1898; x_wconf 89' lang='grc' dir='ltr'><strong><em>μετάλλου</em></strong></span> <span class='ocrx_word' id='word_1_119' title='bbox 770 1812 875 1895; x_wconf 88' lang='grc' dir='ltr'><strong><em>φύσιν</em></strong></span> <span class='ocrx_word' id='word_1_120' title='bbox 897 1812 1085 1877; x_wconf 85' lang='grc' dir='ltr'><strong><em>πιστεύεται</em></strong></span> 
     </span>
     <span class='ocr_line' id='line_1_17' title="bbox 67 1915 1086 2003; baseline 0 -20"><span class='ocrx_word' id='word_1_121' title='bbox 67 1921 247 1984; x_wconf 91' lang='grc' dir='ltr'><strong><em>δύνασθαι.</em></strong></span> <span class='ocrx_word' id='word_1_122' title='bbox 293 1919 415 2003; x_wconf 79' lang='grc' dir='ltr'><strong><em>ταύτης</em></strong></span> <span class='ocrx_word' id='word_1_123' title='bbox 444 1920 482 1983; x_wconf 91' lang='grc' dir='ltr'><strong><em>τὸ</em></strong></span> <span class='ocrx_word' id='word_1_124' title='bbox 512 1919 695 2000; x_wconf 89' lang='grc' dir='ltr'><strong><em>κεφάλαιον</em></strong></span> <span class='ocrx_word' id='word_1_125' title='bbox 723 1915 777 1983; x_wconf 77' lang='grc' dir='ltr'><strong><em>καί</em></strong></span> <span class='ocrx_word' id='word_1_126' title='bbox 804 1918 825 2001; x_wconf 80' lang='grc' dir='ltr'><em>ἡ</em></span> <span class='ocrx_word' id='word_1_127' title='bbox 853 1920 961 1983; x_wconf 89' lang='grc' dir='ltr'><strong><em>τελεία</em></strong></span> <span class='ocrx_word' id='word_1_128' title='bbox 988 1941 1086 1983; x_wconf 92' lang='grc' dir='ltr'><strong><em>κατα-</em></strong></span> 
     </span>
     <span class='ocr_line' id='line_1_18' title="bbox 67 2023 1086 2110; baseline 0 -20"><span class='ocrx_word' id='word_1_129' title='bbox 67 2024 170 2108; x_wconf 77' lang='grc' dir='ltr'><strong><em>σκευὴ</em></strong></span> <span class='ocrx_word' id='word_1_130' title='bbox 194 2024 214 2108; x_wconf 77' lang='grc' dir='ltr'><strong><em>ἡ</em></strong></span> <span class='ocrx_word' id='word_1_131' title='bbox 238 2023 438 2110; x_wconf 75' lang='grc' dir='ltr'><strong><em>ἐργαζομένη</em></strong></span> <span class='ocrx_word' id='word_1_132' title='bbox 462 2027 524 2109; x_wconf 82' lang='grc' dir='ltr'><strong><em>την</em></strong></span> <span class='ocrx_word' id='word_1_133' title='bbox 547 2026 734 2110; x_wconf 78' lang='grc' dir='ltr'><strong><em>μεταβολὴν</em></strong></span> <span class='ocrx_word' id='word_1_134' title='bbox 757 2035 823 2090; x_wconf 82' lang='grc' dir='ltr'><strong><em>τῶν</em></strong></span> <span class='ocrx_word' id='word_1_135' title='bbox 842 2025 1012 2109; x_wconf 88' lang='grc' dir='ltr'><strong><em>μετάλλων</em></strong></span> <span class='ocrx_word' id='word_1_136' title='bbox 1030 2023 1086 2090; x_wconf 84' lang='grc' dir='ltr'><strong><em>καὶ</em></strong></span> 
     </span>
     <span class='ocr_line' id='line_1_19' title="bbox 66 2130 1086 2215; baseline 0 -19"><span class='ocrx_word' id='word_1_137' title='bbox 66 2134 109 2196; x_wconf 85' lang='grc' dir='ltr'><strong><em>τά</em></strong></span> <span class='ocrx_word' id='word_1_138' title='bbox 138 2132 266 2196; x_wconf 91' lang='grc' dir='ltr'><strong><em>τούτων</em></strong></span> <span class='ocrx_word' id='word_1_139' title='bbox 295 2130 540 2215; x_wconf 80' lang='grc' dir='ltr'><strong><em>ἀποτελέσματα</em></strong></span> <span class='ocrx_word' id='word_1_140' title='bbox 567 2135 664 2208; x_wconf 88' lang='grc' dir='ltr'><strong><em>λίθος</em></strong></span> <span class='ocrx_word' id='word_1_141' title='bbox 692 2143 760 2197; x_wconf 81' lang='grc' dir='ltr'><strong><em>τῶν</em></strong></span> <span class='ocrx_word' id='word_1_142' title='bbox 785 2134 984 2215; x_wconf 88' lang='grc' dir='ltr'><strong><em>φιλοσόφων</em></strong></span> <span class='ocrx_word' id='word_1_143' title='bbox 1010 2155 1086 2197; x_wconf 90' lang='grc' dir='ltr'><strong><em>κατ-</em></strong></span> 
     </span>
     <span class='ocr_line' id='line_1_20' title="bbox 67 2238 1090 2323; baseline 0.001 -21"><span class='ocrx_word' id='word_1_144' title='bbox 67 2238 271 2322; x_wconf 86' lang='grc' dir='ltr'><strong><em>ονομάζεται.</em></strong></span> <span class='ocrx_word' id='word_1_145' title='bbox 318 2240 446 2321; x_wconf 80' lang='grc' dir='ltr'><strong><em>ἔθηκαν</em></strong></span> <span class='ocrx_word' id='word_1_146' title='bbox 481 2239 545 2323; x_wconf 84' lang='grc' dir='ltr'><strong><em>γάρ</em></strong></span> <span class='ocrx_word' id='word_1_147' title='bbox 579 2238 661 2323; x_wconf 73' lang='grc' dir='ltr'><strong><em>αὐτῇ</em></strong></span> <span class='ocrx_word' id='word_1_148' title='bbox 698 2247 796 2303; x_wconf 87' lang='grc' dir='ltr'><strong><em>τοῦτο</em></strong></span> <span class='ocrx_word' id='word_1_149' title='bbox 837 2239 875 2303; x_wconf 83' lang='grc' dir='ltr'><strong><em>τὸ</em></strong></span> <span class='ocrx_word' id='word_1_150' title='bbox 910 2239 1017 2322; x_wconf 78' lang='grc' dir='ltr'><strong><em>ὄνομα</em></strong></span> <span class='ocrx_word' id='word_1_151' title='bbox 1054 2239 1090 2303; x_wconf 78' lang='lat' dir='ltr'><strong><em>oc</em></strong></span> 
     </span>
     <span class='ocr_line' id='line_1_21' title="bbox 69 2343 1140 2429; baseline 0.001 -21"><span class='ocrx_word' id='word_1_152' title='bbox 69 2347 263 2429; x_wconf 82' lang='grc' dir='ltr'><strong><em>φιλόσοφοι,</em></strong></span> <span class='ocrx_word' id='word_1_153' title='bbox 287 2344 344 2409; x_wconf 75' lang='grc' dir='ltr'><strong><em>ἵνα</em></strong></span> <span class='ocrx_word' id='word_1_154' title='bbox 367 2345 403 2409; x_wconf 85' lang='grc' dir='ltr'><strong><em>οί</em></strong></span> <span class='ocrx_word' id='word_1_155' title='bbox 423 2343 616 2410; x_wconf 87' lang='grc' dir='ltr'><strong><em>ἀπαίδευτοι</em></strong></span> <span class='ocrx_word' id='word_1_156' title='bbox 638 2350 830 2410; x_wconf 77' lang='grc' dir='ltr'><strong><em>πλανῶνται</em></strong></span> <span class='ocrx_word' id='word_1_157' title='bbox 853 2345 896 2428; x_wconf 82' lang='grc' dir='ltr'><strong><em>μη</em></strong></span> <span class='ocrx_word' id='word_1_158' title='bbox 915 2352 1084 2428; x_wconf 84' lang='grc' dir='ltr'><strong><em>νοοῦντες,</em></strong></span> <span class='ocrx_word' id='word_1_159' title='bbox 1105 2353 1140 2402; x_wconf 78' lang='lat'><strong><em>20</em></strong></span> 
     </span>
     <span class='ocr_line' id='line_1_22' title="bbox 66 2448 1089 2534; baseline 0 -20"><span class='ocrx_word' id='word_1_160' title='bbox 66 2454 104 2514; x_wconf 89' lang='grc' dir='ltr'><strong><em>τί</em></strong></span> <span class='ocrx_word' id='word_1_161' title='bbox 135 2453 288 2534; x_wconf 86' lang='grc' dir='ltr'><strong><em>σημαίνει</em></strong></span> <span class='ocrx_word' id='word_1_162' title='bbox 319 2450 356 2515; x_wconf 93' lang='grc' dir='ltr'><strong><em>τὸ</em></strong></span> <span class='ocrx_word' id='word_1_163' title='bbox 390 2453 506 2534; x_wconf 82' lang='grc' dir='ltr'><strong><em>ὄνομα.</em></strong></span> <span class='ocrx_word' id='word_1_164' title='bbox 551 2452 683 2528; x_wconf 89' lang='grc' dir='ltr'><strong><em>τούτοις</em></strong></span> <span class='ocrx_word' id='word_1_165' title='bbox 709 2451 946 2534; x_wconf 77' lang='grc' dir='ltr'><strong><em>ἠκολούθησαν</em></strong></span> <span class='ocrx_word' id='word_1_166' title='bbox 974 2448 1089 2515; x_wconf 85' lang='grc' dir='ltr'><strong><em>καλοί</em></strong></span> 
     </span>
     <span class='ocr_line' id='line_1_23' title="bbox 68 2552 1086 2642; baseline 0 -21"><span class='ocrx_word' id='word_1_167' title='bbox 68 2560 226 2639; x_wconf 77' lang='grc' dir='ltr'><strong><em>Λατῖνοι,</em></strong></span> <span class='ocrx_word' id='word_1_168' title='bbox 251 2553 305 2621; x_wconf 82' lang='grc' dir='ltr'><strong><em>καλ</em></strong></span> <span class='ocrx_word' id='word_1_169' title='bbox 328 2557 392 2641; x_wconf 84' lang='grc' dir='ltr'><strong><em>γάρ</em></strong></span> <span class='ocrx_word' id='word_1_170' title='bbox 411 2555 466 2622; x_wconf 82' lang='grc' dir='ltr'><strong><em>καὶ</em></strong></span> <span class='ocrx_word' id='word_1_171' title='bbox 485 2552 579 2622; x_wconf 85' lang='grc' dir='ltr'><strong><em>οὗτοι</em></strong></span> <span class='ocrx_word' id='word_1_172' title='bbox 597 2559 694 2634; x_wconf 89' lang='grc' dir='ltr'><strong><em>λάπις</em></strong></span> <span class='ocrx_word' id='word_1_173' title='bbox 713 2559 970 2642; x_wconf 87' lang='grc' dir='ltr'><strong><em>φιλοσοφόρουμ</em></strong></span> <span class='ocrx_word' id='word_1_174' title='bbox 987 2565 1086 2622; x_wconf 91' lang='grc' dir='ltr'><strong><em>τοῦτο</em></strong></span> 
     </span>
     <span class='ocr_line' id='line_1_24' title="bbox 67 2660 1144 2756; baseline 0.004 -29"><span class='ocrx_word' id='word_1_175' title='bbox 67 2662 363 2746; x_wconf 82' lang='grc' dir='ltr'><strong><em>κατονομάζουσιν.</em></strong></span> <span class='ocrx_word' id='word_1_176' title='bbox 408 2663 533 2746; x_wconf 92' lang='grc' dir='ltr'><strong><em>ταύτην</em></strong></span> <span class='ocrx_word' id='word_1_177' title='bbox 564 2665 626 2747; x_wconf 82' lang='grc' dir='ltr'><strong><em>την</em></strong></span> <span class='ocrx_word' id='word_1_178' title='bbox 658 2663 821 2748; x_wconf 75' lang='grc' dir='ltr'><strong><em>μυστικὴν</em></strong></span> <span class='ocrx_word' id='word_1_179' title='bbox 848 2660 902 2728; x_wconf 83' lang='grc' dir='ltr'><strong><em>καὶ</em></strong></span> <span class='ocrx_word' id='word_1_180' title='bbox 925 2690 967 2738; x_wconf 81' lang='grc' dir='ltr'><strong><em>ε</em></strong></span> <span class='ocrx_word' id='word_1_181' title='bbox 995 2693 1048 2756; x_wconf 71' lang='grc' dir='ltr'><strong><em>,ιρι</em></strong></span> <span class='ocrx_word' id='word_1_182' title='bbox 1068 2695 1130 2739; x_wconf 70' lang='grc' dir='ltr'><strong><em>πιιε</em></strong></span> <span class='ocrx_word' id='word_1_183' title='bbox 1118 2710 1144 2739; x_wconf 93' lang='grc'>.</span> 
     </span>
     <span class='ocr_line' id='line_1_25' title="bbox 67 2761 1140 2880; baseline -0.001 -47"><span class='ocrx_word' id='word_1_184' title='bbox 67 2769 164 2851; x_wconf 77' lang='grc' dir='ltr'><strong><em>ἱεράν</em></strong></span> <span class='ocrx_word' id='word_1_185' title='bbox 196 2765 252 2833; x_wconf 83' lang='grc' dir='ltr'><strong><em>καὶ</em></strong></span> <span class='ocrx_word' id='word_1_186' title='bbox 284 2767 474 2854; x_wconf 87' lang='grc' dir='ltr'><strong><em>ἀπόρρητον</em></strong></span> <span class='ocrx_word' id='word_1_187' title='bbox 505 2767 625 2853; x_wconf 90' lang='grc' dir='ltr'><strong><em>τεχνην</em></strong></span> <span class='ocrx_word' id='word_1_188' title='bbox 658 2773 787 2855; x_wconf 81' lang='grc' dir='ltr'><strong><em>ἔμαθον</em></strong></span> <span class='ocrx_word' id='word_1_189' title='bbox 812 2769 936 2878; x_wconf 82' lang='grc' dir='ltr'><strong><em>παρὰ</em></strong></span> <span class='ocrx_word' id='word_1_190' title='bbox 924 2775 959 2809; x_wconf 59' lang='grc' dir='ltr'><strong><em>πα</em></strong></span> <span class='ocrx_word' id='word_1_191' title='bbox 944 2761 1130 2880; x_wconf 55' lang='lat' dir='ltr'><strong><em>⁶²⁰⁰⁶Jss⁶s³⁰¹²</em></strong></span> <span class='ocrx_word' id='word_1_192' title='bbox 1105 2778 1140 2809; x_wconf 80' lang='lat'><strong><em>⁰·</em></strong></span> 
     </span>
     <span class='ocr_line' id='line_1_26' title="bbox 68 2833 1142 2959; baseline 0 -20"><span class='ocrx_word' id='word_1_193' title='bbox 68 2885 138 2939; x_wconf 83' lang='grc' dir='ltr'><strong><em>τῶν</em></strong></span> <span class='ocrx_word' id='word_1_194' title='bbox 161 2875 360 2958; x_wconf 86' lang='grc' dir='ltr'><strong><em>φιλοσόφων</em></strong></span> <span class='ocrx_word' id='word_1_195' title='bbox 382 2872 438 2938; x_wconf 84' lang='grc' dir='ltr'><strong><em>καὶ</em></strong></span> <span class='ocrx_word' id='word_1_196' title='bbox 461 2873 688 2959; x_wconf 79' lang='grc' dir='ltr'><strong><em>ἐδιδάχθησαν</em></strong></span> <span class='ocrx_word' id='word_1_197' title='bbox 711 2873 766 2940; x_wconf 83' lang='grc' dir='ltr'><strong><em>καλ</em></strong></span> <span class='ocrx_word' id='word_1_198' title='bbox 783 2872 963 2949; x_wconf 62' lang='grc' dir='ltr'><strong><em>πολλοὶκαι</em></strong></span> <span class='ocrx_word' id='word_1_199' title='bbox 924 2836 1022 2951; x_wconf 51' lang='grc' dir='ltr'><em>λισσίὶυ</em></span> <span class='ocrx_word' id='word_1_200' title='bbox 1038 2833 1125 2951; x_wconf 56' lang='grc' dir='ltr'><strong><em>γίιπῖἰ</em></strong></span> <span class='ocrx_word' id='word_1_201' title='bbox 1128 2852 1142 2880; x_wconf 79' lang='lat' dir='ltr'><em>v</em></span> 
     </span>
     <span class='ocr_line' id='line_1_27' title="bbox 68 2909 1121 3065; baseline -0.002 -18.91"><span class='ocrx_word' id='word_1_202' title='bbox 68 2978 396 3064; x_wconf 86' lang='grc' dir='ltr'><strong><em>ναλλοιβασιλεις</em></strong></span> <span class='ocrx_word' id='word_1_203' title='bbox 405 2981 541 3064; x_wconf 89' lang='grc' dir='ltr'><strong><em>μεγαλοι</em></strong></span> <span class='ocrx_word' id='word_1_204' title='bbox 551 2978 606 3045; x_wconf 82' lang='grc' dir='ltr'><strong><em>καὶ</em></strong></span> <span class='ocrx_word' id='word_1_205' title='bbox 616 2978 903 3065; x_wconf 78' lang='grc' dir='ltr'><strong><em>περιφανέστατοι,</em></strong></span> <span class='ocrx_word' id='word_1_206' title='bbox 949 2989 988 3022; x_wconf 63' lang='lat'><strong><em>‘⁰⁹</em></strong></span> <span class='ocrx_word' id='word_1_207' title='bbox 963 2909 1112 3038; x_wconf 49' lang='lat' dir='ltr'><strong><em>affixa?</em></strong></span> <span class='ocrx_word' id='word_1_208' title='bbox 1085 2993 1121 3029; x_wconf 53' lang='lat'><strong><em>‘⁰2</em></strong></span> 
     </span>
     <span class='ocr_line' id='line_1_28' title="bbox 70 3083 1087 3171; baseline 0 -20"><span class='ocrx_word' id='word_1_209' title='bbox 70 3087 212 3171; x_wconf 91' lang='grc' dir='ltr'><strong><em>μάλιστα</em></strong></span> <span class='ocrx_word' id='word_1_210' title='bbox 250 3083 287 3151; x_wconf 78' lang='grc' dir='ltr'><strong><em>δέ</em></strong></span> <span class='ocrx_word' id='word_1_211' title='bbox 319 3088 516 3171; x_wconf 86' lang='grc' dir='ltr'><strong><em>Κλεοπάτρα</em></strong></span> <span class='ocrx_word' id='word_1_212' title='bbox 547 3087 568 3170; x_wconf 80' lang='grc' dir='ltr'><em>ἡ</em></span> <span class='ocrx_word' id='word_1_213' title='bbox 600 3097 659 3170; x_wconf 76' lang='grc' dir='ltr'><strong><em>τῆς</em></strong></span> <span class='ocrx_word' id='word_1_214' title='bbox 690 3089 863 3171; x_wconf 80' lang='grc' dir='ltr'><strong><em>Αἰγύπτου</em></strong></span> <span class='ocrx_word' id='word_1_215' title='bbox 898 3090 1087 3171; x_wconf 81' lang='grc' dir='ltr'><strong><em>βασίλισσα,</em></strong></span> 
     </span>
     <span class='ocr_line' id='line_1_29' title="bbox 70 3191 1087 3277; baseline -0.001 -20"><span class='ocrx_word' id='word_1_216' title='bbox 70 3194 157 3276; x_wconf 82' lang='grc' dir='ltr'><strong><em>γυνη</em></strong></span> <span class='ocrx_word' id='word_1_217' title='bbox 191 3193 262 3275; x_wconf 78' lang='grc' dir='ltr'><strong><em>η’τις</em></strong></span> <span class='ocrx_word' id='word_1_218' title='bbox 292 3191 423 3276; x_wconf 86' lang='grc' dir='ltr'><strong><em>ἐνίκησε</em></strong></span> <span class='ocrx_word' id='word_1_219' title='bbox 461 3195 605 3270; x_wconf 87' lang='grc' dir='ltr'><strong><em>πολλοὺς</em></strong></span> <span class='ocrx_word' id='word_1_220' title='bbox 641 3194 768 3277; x_wconf 83' lang='grc' dir='ltr'><strong><em>ἀνδρας</em></strong></span> <span class='ocrx_word' id='word_1_221' title='bbox 800 3199 847 3270; x_wconf 83' lang='grc' dir='ltr'><strong><em>είς</em></strong></span> <span class='ocrx_word' id='word_1_222' title='bbox 877 3217 912 3258; x_wconf 90' lang='grc' dir='ltr'><strong><em>τε</em></strong></span> <span class='ocrx_word' id='word_1_223' title='bbox 945 3193 1087 3275; x_wconf 84' lang='grc' dir='ltr'><strong><em>ἀνδρίαν</em></strong></span> 
     </span>
     <span class='ocr_line' id='line_1_30' title="bbox 68 3297 1087 3385; baseline -0.001 -21"><span class='ocrx_word' id='word_1_224' title='bbox 68 3308 181 3385; x_wconf 79' lang='grc' dir='ltr'><strong><em>φυχῆς</em></strong></span> <span class='ocrx_word' id='word_1_225' title='bbox 203 3297 260 3364; x_wconf 86' lang='grc' dir='ltr'><strong><em>καὶ</em></strong></span> <span class='ocrx_word' id='word_1_226' title='bbox 283 3301 330 3375; x_wconf 83' lang='grc' dir='ltr'><strong><em>είς</em></strong></span> <span class='ocrx_word' id='word_1_227' title='bbox 348 3300 524 3383; x_wconf 77' lang='grc' dir='ltr'><strong><em>βασιλικὴν</em></strong></span> <span class='ocrx_word' id='word_1_228' title='bbox 548 3299 796 3383; x_wconf 87' lang='grc' dir='ltr'><strong><em>ἐπιτηδειότητα</em></strong></span> <span class='ocrx_word' id='word_1_229' title='bbox 819 3297 874 3364; x_wconf 82' lang='grc' dir='ltr'><strong><em>καὶ</em></strong></span> <span class='ocrx_word' id='word_1_230' title='bbox 897 3301 944 3376; x_wconf 89' lang='grc' dir='ltr'><strong><em>είς</em></strong></span> <span class='ocrx_word' id='word_1_231' title='bbox 962 3300 1087 3382; x_wconf 80' lang='grc' dir='ltr'><strong><em>σοφίαν</em></strong></span> 
     </span>
    </p>
   </div>
   <div class='ocr_carea' id='block_1_3' title="bbox 146 3525 809 3598">
    <p class='ocr_par' dir='ltr' id='par_1_3' title="bbox 146 3525 809 3598">
     <span class='ocr_line' id='line_1_31' title="bbox 146 3525 809 3598; baseline 0 -16"><span class='ocrx_word' id='word_1_232' title='bbox 146 3535 159 3582; x_wconf 89' lang='grc'>1</span> <span class='ocrx_word' id='word_1_233' title='bbox 179 3526 280 3597; x_wconf 75' lang='grc' dir='ltr'><strong><em>ἥντινα</em></strong></span> <span class='ocrx_word' id='word_1_234' title='bbox 297 3525 372 3589; x_wconf 72' lang='grc' dir='ltr'><strong><em>τινὲς</em></strong></span> <span class='ocrx_word' id='word_1_235' title='bbox 391 3529 423 3583; x_wconf 89' lang='lat' dir='ltr'><strong><em>V.</em></strong></span> <span class='ocrx_word' id='word_1_236' title='bbox 497 3535 521 3586; x_wconf 83' lang='lat'><strong><em>9.</em></strong></span> <span class='ocrx_word' id='word_1_237' title='bbox 542 3534 575 3582; x_wconf 89' lang='grc'><strong><em>10</em></strong></span> <span class='ocrx_word' id='word_1_238' title='bbox 594 3526 754 3598; x_wconf 84' lang='grc' dir='ltr'><strong><em>ῦδάργυρου</em></strong></span> <span class='ocrx_word' id='word_1_239' title='bbox 774 3528 809 3582; x_wconf 81' lang='lat' dir='ltr'><strong><em>V.</em></strong></span> 
     </span>
    </p>
   </div>
   <div class='ocr_carea' id='block_1_4' title="bbox 0 0 1208 3826">
    <p class='ocr_par' dir='ltr' id='par_1_4' title="bbox 0 0 1208 3826">
     <span class='ocr_line' id='line_1_32' title="bbox 0 0 1208 3826; baseline 0 0"><span class='ocrx_word' id='word_1_240' title='bbox 0 0 1208 3826; x_wconf 95' lang='lat' dir='ltr'><strong><em> </em></strong></span> 
     </span>
    </p>
   </div>
  </div>
 </body>
</html>
