2408 3826
443 182 662 246 ..73-

47 333 132 406 είδέν
165 365 215 418 τις
245 343 370 426 ποιμὴν
402 341 465 406 ἀπὸ
501 351 563 408 τοῦ
595 342 696 426 όρονς
734 336 788 403 καὶ
824 341 969 421 κατῆλθε
1000 334 1056 403 καὶ
1112 414 1115 418 ,

47 448 139 530 ἔλαβε
166 448 206 511 τὰ
233 450 358 513 παιδία.
404 445 459 513 καὶ
482 449 597 532 έτυχευ
621 447 672 512 ὅτι
698 445 719 529 ἡ
742 445 828 528 γνυὴ
857 443 962 508 αὐτοῦ
984 447 1058 509 τότε

47 554 205 633 ἔκτρωσευ
231 556 338 637 ἤγουν
365 553 538 639 ἀπεβόλθη
566 554 646 639 ὅπερ
678 552 825 636 ὑπῆρχεν
854 550 1058 634 έγκυμονοό-

47 683 146 743 μενον
169 662 217 737 είς
238 663 300 745 τὴν
323 664 454 726 κοιλίαν
478 661 579 745 αὐτῆς
600 662 737 726 παιδίον
759 656 814 724 καὶ
837 656 986 723 ἐλυπεῖτο
1010 662 1057 737 είς

47 765 239 851 ὑπερβολήν.
281 768 326 844 ὡς
347 778 432 851 γοῦν
451 762 541 832 είδεν
558 768 599 831 τοὶ
616 767 733 832 παιδία
751 752 864 847 ταῦτα,
883 765 983 850 ἐχάρη
1001 765 1057 832 καὶ

47 869 230 954 ἀνέθρεψεν
260 861 351 937 αὐτοί.
396 869 451 936 καί
479 871 634 955 ἐγένοντο
662 872 783 956 ἄνδρες
806 869 860 936 καὶ
884 867 975 957 εἶχον
997 875 1057 939 τὸν

47 974 182 1061 ποιμένα
209 976 335 1058 πατέρα
366 975 422 1043 καὶ
450 979 512 1062 τὴν
545 989 688 1062 γυναῖκα
721 978 827 1044 αὐτοῦΙ
852 978 975 1063 μητέρα
1003 978 1058 1045 καὶ
1146 983 1149 986 ’

47 1081 145 1148 πλέον
169 1081 270 1148 οὐδὲν
294 1084 484 1168 ἐγίνωσκον.
531 1080 629 1161 οὗτος
652 1079 715 1150 οὖν
745 1084 763 1150 6
786 1086 910 1168 ποιμὴν
933 1085 1058 1171 ὑπῆρχε

47 1192 166 1274 ποιμὴν
197 1201 264 1255 τῶν
296 1191 473 1274 προβάτων
508 1200 570 1255 τοῦ
604 1186 761 1275 Ἀμολίου
794 1200 856 1256 τοῦ
887 1193 1056 1275 βασιλέως.

47 1293 96 1360 καὶ
118 1297 158 1360 τδι
178 1298 296 1362 παιδία
313 1296 358 1374 ὡς
376 1297 614 1382 ἠνδρώθησαν,
638 1299 778 1381 ἔβλεπον
797 1296 852 1362 καὶ
871 1298 1056 1380 ἐφύλαττον
1077 1316 1109 1366 10

47 1401 79 1466 ιδι
102 1404 253 1487 πρόβατα
275 1411 336 1468 τοῦ
354 1401 526 1486 βασιλέως,
549 1404 645 1468 ἅτινα
664 1399 752 1488 εἶχεν
775 1403 793 1469 6
811 1406 918 1489 πατὴρ
937 1405 1059 1484 αὐτῶν,

47 1504 107 1593 εἶχε
131 1506 169 1574 δὲ
191 1506 247 1575 καὶ
270 1509 288 1574 6
312 1506 472 1595 Νεμέτωρ
496 1509 514 1574 6
538 1508 667 1594 ἀληθὴς
693 1511 825 1587 πάππος
852 1511 1057 1589 αὐτῶντῶν

47 1619 184 1681 παιδίων
202 1616 344 1700 ποιμένα
362 1614 417 1681 καὶ
430 1619 580 1701 πρόβατα
594 1614 663 1680 ἐκεῖ
674 1619 817 1698 πλησίον
834 1627 895 1682 τοῦ
909 1617 1058 1701 ἀδελφοῦ

47 1723 146 1788 αὐτοῦ
177 1731 239 1786 τοῦ
268 1717 431 1806 Ἀμολίου.
478 1721 569 1787 ὡσδιυ
598 1731 683 1805 γοῦν
716 1722 734 1787 6
763 1723 845 1799 θεὸς
875 1721 969 1788 θέλει
1001 1726 1057 1790 ἵνα

47 1831 162 1914 ποιήσῃ
207 1829 287 1914 ὅπερ
330 1830 499 1912 βούλεται,
527 1826 690 1914 ἀφορμαὶ
732 1826 833 1894 οὐδέν
873 1832 1055 1896 λείπουσιν.

47 1937 78 2001 ιδι
101 1936 219 2000 παιδία
242 1937 395 2020 ἔρχονται
418 1937 465 2011 είς
488 1935 626 2018 όχλησιν
651 1935 707 1999 διὰ
728 1935 769 1998 πδι
793 1935 874 2021 πρό·
910 1981 953 2038 6¹.
971 1983 1039 2043 Ηη,
1056 1989 1097 2032 τοῦ

47 2045 124 2107 λατα
147 2042 228 2126 μετὰ
250 2053 317 2108 τῶν
335 2037 504 2125 ποιμένων
525 2051 587 2107 τοῦ
605 2041 741 2107 πάππου
761 2041 872 2107 αὐτων
893 2053 983 2112 Ρώουμ
1004 2058 1043 2102 καὶ
1068 2059 1111 2103 τοῦ

47 2158 100 2215 τοῦ
128 2144 326 2233 Νεμέτορος.
373 2143 467 2213 οὗτοι
496 2148 559 2232 γδιρ
588 2147 606 2212 6
628 2145 750 2232 Ῥῶμος
776 2130 872 2214 καὶὸ
912 2125 1097 2255 ᾜυὲομζίιῗ

47 2254 264 2339 Ρωμύλος-
290 2254 396 2331 οὕτως
418 2255 481 2337 γὰρ
510 2253 686 2338 ὠνόμασεν
708 2253 831 2330 αὐτοὺς
857 2254 951 2320 διο
952 2268 1069 2357 ομαιαι
1057 2286 1085 2316 αα

47 2362 140 2437 θετὸς
158 2361 319 2444 πατὴρ’
280 2371 448 2426 αυτων-
432 2359 527 2425 -όιπὸ
542 2359 732 2439 ἀλαζονείας
750 2362 876 2438 έτυψαν

47 2469 119 2542 τοὺς
152 2465 312 2551 ποιμένας
342 2475 403 2531 τοῦ
436 2465 625 2552 Νεμέτορος
656 2464 711 2532 καὶ
747 2467 898 2552 ὕβρισαν.
952 2468 988 2534 oc
1017 2467 1053 2535 δὲ
1073 2490 1105 2538 21

47 2570 213 2657 ἀνέφερον
239 2580 338 2637 τοῦτο
366 2573 449 2656 πρὸς
476 2573 536 2636 τὸν
558 2569 749 2657 Νεμέτορα,
775 2570 830 2638 καὶ
858 2573 876 2638 6
900 2575 1058 2663 Νεμέτωρ

47 2676 207 2763 ἀνέφερεν
231 2677 311 2743 αὐτὸ
341 2678 425 2762 πρὸς
451 2679 511 2742 τὸν
538 2677 685 2761 ἀδελφὸν
709 2677 814 2744 αὐτοῦ
840 2681 1059 2764 τὸνβασιλέα

47 2786 103 2850 τὸν
122 2782 286 2867 Ἀμόλιον.
330 2780 385 2848 καὶ
409 2781 427 2847 6
451 2780 617 2867 Ἀμόλιος,
645 2783 701 2850 ἵνα
729 2781 834 2870 μηδὲν
861 2787 1058 2875 παροξυνθῇ

47 2889 62 2955 ὑ
86 2889 230 2975 ἀδελφὸς
254 2889 426 2965 αὐτοῦ,ὡς
448 2892 764 2975 καταφρονούμενος
784 2889 839 2956 καὶ
863 2891 1059 2982 ἀναγκασθῇ

48 2995 103 3061 καὶ
136 2999 257 3081 ποιήσῃ
291 2995 488 3078 ἀπόστασιν,
520 2996 712 3079 παρέδωκεν
742 2995 797 3062 καὶ
828 3001 888 3065 τὸν
918 3001 1060 3087 ποιμένα
1133 3006 1135 3011 ’

46 3101 103 3168 καὶ
126 3104 167 3167 τδι
189 3103 304 3166 παιδία
329 3110 430 3165 ταῦτα
453 3104 500 3178 είς
521 3103 580 3179 τὰς
596 3113 708 3188 χεῖρας
726 3103 841 3188 αὐτοῦ,
864 3106 920 3171 ἵνα
937 3111 1059 3194 ποιήσῃ

47 3212 92 3286 είς
122 3208 245 3284 αὐτοὺς
273 3209 382 3287 ὥσπερ
409 3205 494 3292 θέλῃ
524 3206 618 3293 μέχρι
645 3209 805 3278 θανᾶτου.
852 3207 946 3277 οὗτοι
974 3223 1059 3295 γοῦν

47 3314 158 3400 ἐπειδὴ
192 3313 346 3398 ἐγένοντο
382 3313 511 3398 δέσμιοι
544 3317 735 3400 ἔμπροσθεν
766 3328 827 3384 τοῦ
859 3318 1058 3405 Νεμέτορος,

47 3420 106 3486 ἀπὸ
140 3425 261 3503 λόγους
291 3423 338 3497 είς
372 3423 493 3503 λόγους
525 3420 617 3497 ἐντὸς
649 3431 710 3487 τοῦ
742 3429 837 3489 οίκου
865 3424 968 3492 αὐτοῦ
1000 3426 1057 3491 ἀν·
1076 3445 1110 3493 30

47 3531 301 3613 εγνωρίσθησαν
338 3527 382 3603 ὡς
419 3529 552 3610 ἔγγονοι
589 3529 702 3594 αὐτοῦ.
753 3530 899 3615 διηγήθη
939 3534 1003 3619 γδρ
1040 3533 1058 3598 6
