2408 3826
472 186 693 250 ..17-

74 342 182 425 βολήν
206 339 261 406 καὶ
284 340 521 426 ἐβλασφήμουν
545 344 592 420 είς
613 347 692 420 τοὺς
715 346 817 420 θεοὺς
836 342 957 426 αὐτῶν,
981 343 1091 428 ὥσπερ

75 450 320 532 χαλεπαίνομεν
347 443 403 511 καὶ
430 445 524 531 ήμείς
549 455 595 536 τῷ
619 450 723 536 καιρῷ
752 449 858 536 τούτῳ
886 448 941 514 καὶ
969 448 1092 532 ἀγανα-

76 563 221 638 κτοῦμεν
249 551 304 618 καὶ
328 555 590 639 δυσχεραίνομεν
613 553 669 620 καὶ
691 556 816 642 τρόπον
843 556 919 620 τινὰ
942 559 1092 640 βλασφη-

76 667 206 743 μοῦμεν
230 660 276 736 είς
298 660 358 723 τὸν
376 660 472 742 θεόν,
491 660 580 737 ὅπως
598 662 636 725 τὸ
655 663 769 747 μωρὸν
787 671 885 727 τοῦτο
904 660 956 726 καί
978 657 1094 744 ἀσεβὲς

76 766 180 840 ἐθνος
209 774 277 829 τῶν
303 764 463 850 Τούρκων
491 764 661 851 ἐκυρίευσε
688 775 751 832 τοῦ
777 769 904 850 κόσμον
931 764 986 832 καὶ
1008 766 1094 851 ήφά-

76 886 173 935 νισεν
195 870 281 953 ἡμᾶς
297 871 376 946 τοὺς
394 872 626 955 Χριστιανούς.
663 875 779 955 ἔλεγον
797 867 860 937 οὖν
879 873 916 936 οί
926 871 1095 956 Ἕλληνες,

77 976 131 1040 ότι
168 977 203 1042 οί
231 974 308 1041 θεολ
345 975 456 1041 αὐτῶν
493 975 616 1054 ἀδίκως
646 976 703 1043 καὶ
738 980 934 1062 παραλόγως
974 981 1095 1062 ἔλαβον

77 1082 187 1148 πάντα
213 1083 254 1147 τά
282 1081 395 1164 ἀγαθά
426 1080 482 1147 καὶ
509 1084 570 1166 τήν
599 1083 704 1168 ἀρχήν
731 1093 840 1149 πᾶσαν
869 1093 929 1149 τοῦ
959 1086 1096 1169 κόσμου,

77 1190 198 1273 ἥντινα
216 1191 358 1273 ἔπρεπεν
381 1188 437 1252 ἵνα
461 1188 594 1254 δώσωσι
616 1192 699 1275 πρὸς
721 1193 800 1267 τοὺς
815 1189 995 1273 Ἕλληνας,
1018 1191 1097 1265 τοὺς

78 1293 228 1377 εὐσεβεῖς
250 1295 298 1371 είς
319 1297 398 1370 τοὺς
421 1295 538 1377 θεούς,
566 1299 645 1372 τοὺς
671 1295 817 1380 εὐγενεῖς
844 1297 900 1361 διά
928 1297 965 1360 τὸ
989 1293 1096 1379 γένος,
1117 1312 1151 1360 10

78 1403 160 1477 τοὺς
183 1403 312 1485 σοφοὺς
338 1399 403 1465 ἀπὸ
430 1410 488 1484 τής
514 1402 683 1483 γνώσεως,
710 1405 789 1478 τοὺς
815 1398 1099 1486 πεπαιδευμένους

80 1508 138 1572 διά
160 1507 221 1590 τήν
243 1508 428 1590 πολιτείαν,
456 1510 536 1583 τοὺς
559 1507 735 1593 ἀνδρείους
757 1506 811 1573 καὶ
842 1510 1020 1592 γενναίους
1043 1508 1099 1571 διά

78 1614 143 1697 τήν
166 1615 356 1696 γυμνασίαν
383 1609 439 1676 καὶ
468 1613 529 1695 τήν
552 1611 735 1698 ἐμπειρίαν,
763 1612 818 1679 καὶ
842 1616 971 1679 ἔδωκαν
994 1612 1099 1696 αὐτήν

79 1719 166 1805 πρὸς
202 1717 405 1803 ἀνθρώπους
441 1720 589 1804 μωρούς,
626 1719 793 1804 ἀσόφους,
831 1719 1008 1804 ἀγροίκους
1044 1715 1100 1783 καὶ

80 1824 286 1910 βαρβάρους,
314 1827 394 1900 τοὺς
416 1821 621 1908 Ῥωμάνους,
646 1826 766 1903 οἵτινες
789 1826 866 1892 οὔτε
889 1824 987 1909 γένος
1009 1817 1100 1907 εἶχον

81 1931 160 1996 οὔτε
187 1931 330 2017 πατρίδα
363 1930 439 1995 οὔτε
467 1931 644 1995 παίδευσιν
678 1932 754 1996 οὔτε
782 1933 887 2016 ἀλλην
919 1932 993 1995 τινά
1020 1950 1101 2015 προ-

79 2037 191 2121 κοπήν
213 2036 234 2120 ή
258 2036 379 2122 ἀρετήν
402 2035 633 2120 ἀνθρωπίνην.
679 2032 765 2119 ἦσαν
795 2035 832 2103 δέ
855 2041 960 2122 μόνον
983 2033 1101 2121 λησταὶ

80 2141 139 2209 καλ
162 2144 362 2226 κακότροπον
390 2143 565 2227 ἀνθρωποι
591 2141 646 2208 καὶ
674 2142 795 2208 ἐκείνοι
825 2144 1025 2228 ἀγνώριστοι
1046 2138 1102 2206 καί

83 2251 194 2332 ὀλίγοι
225 2247 279 2313 καλ
318 2251 537 2332 συνήχθησαν
574 2249 673 2325 ἀλλος
705 2248 768 2314 ἀπὸ
801 2248 946 2334 ἀλλαχοῦ
980 2245 1103 2332 μέρους

82 2365 146 2439 τής
160 2364 220 2439 γής
229 2352 284 2419 καλ
299 2354 490 2439 δμονόησαν
504 2351 560 2419 καὶ
574 2353 733 2438 ἐποίησαν
747 2355 853 2419 πολλὰ
866 2355 949 2419 κακὰ
964 2354 1011 2430 είς
1024 2355 1103 2428 τοὺς
1121 2370 1156 2418 εο

85 2463 212 2538 τόπους
227 2460 375 2537 ἐκείνους
388 2469 446 2543 τής
461 2454 607 2536 Ἰταλίας.
637 2457 694 2524 καὶ
711 2458 805 2537 τέλος
823 2460 887 2526 ἀπὸ
900 2468 967 2524 τῶν
981 2458 1104 2544 χρημά-

84 2590 156 2632 των
178 2575 236 2651 τής
259 2569 411 2651 λῃστείας
434 2567 566 2630 ἔκτισαν
589 2563 644 2630 καὶ
666 2566 728 2649 τήν
746 2562 885 2650 Ῥώμην,
909 2567 965 2630 ίνα
984 2568 1105 2649 ἔχωσιν

84 2673 194 2757 αὐτήν
213 2674 393 2758 λῃστήριον
411 2671 432 2755 ή
452 2672 497 2748 ώς
515 2672 594 2756 ὅπερ
613 2670 770 2755 λέγουσιν
792 2672 829 2736 οί
843 2668 951 2737 κοινοὶ
964 2675 1106 2756 λησταρ-

84 2788 188 2865 χείον.
206 2776 261 2844 καί
272 2777 386 2860 ὀλίγον
400 2775 474 2842 κατ’
494 2777 609 2860 ὀλίγον
620 2775 838 2861 ἐβασίλευσαν
852 2775 907 2843 καλ
916 2789 984 2843 τῶν
993 2777 1103 2862 κύκλῳ

84 2894 145 2970 τῆς
163 2880 289 2968 Ῥώμης
316 2884 427 2950 ἐθνῶν
455 2881 511 2948 καὶ
538 2891 596 2967 τῆς
619 2880 760 2961 Ἰταλίας
785 2885 892 2968 πάσης
914 2881 968 2949 καὶ
992 2883 1104 2948 αὐτῶν

85 3002 156 3056 τών
178 2986 348 3073 Ἑλλήνων
375 2987 431 3054 καλ
460 2990 538 3072 ὅλης
564 2997 622 3072 τής
650 2988 855 3074 οἰκουμένης.
900 2988 956 3055 καὶ
984 2991 1019 3055 οί
1045 2986 1105 3074 μὲν

78 3096 241 3180 Ἕλληνες
264 3097 379 3179 ἔλεγον
406 3093 461 3160 καὶ
490 3094 660 3179 ἐφρόνουν
687 3106 798 3162 ταῦτα.
845 3096 863 3161 ὁ
888 3093 925 3161 δέ
948 3106 975 3153 κ’.
995 3105 1032 3152 ὅτι
1051 3106 1062 3151 ὁ
1078 3103 1162 3152 Διονύ·

88 3203 276 3277 Διονύσιος
305 3196 404 3277 οὗτος
436 3201 497 3284 οὐχ
528 3201 658 3286 εὕρισκε
685 3203 725 3265 τὰ
752 3203 926 3288 πράγματα
949 3192 1025 3293 ,ὅσιος
1052 3178 1143 3222 mma

989 3261 1038 3292 ισκε
1065 3245 1094 3290 τὰ
1117 3249 1161 3290 τών

88 3309 197 3385 οὕτως
220 3309 329 3393 ὥσπερ
353 3311 467 3391 ἐλεγον
492 3308 527 3372 οί
544 3305 713 3390 Ἕλληνες,
737 3307 820 3373 ἀλλά
843 3314 922 3393 μᾶλ-
943 3266 1066 3374 Ῥόμάνων
1089 3316 1162 3378 πράτ-

159 3462 235 3525 Mle
257 3465 335 3518 deest
360 3464 390 3520 V.
466 3466 616 3525 ὄτοόκων
634 3467 676 3525 V.
751 3473 790 3523 (λθ
814 3464 966 3535 ληοτίριον
989 3449 1152 3522 ἀχωεῖθῑ·

77 3534 167 3600 ἤγουν
190 3533 216 3587 V.
291 3533 322 3588 κ’.
344 3540 483 3608 ρωμαίων
506 3541 543 3599 V.

115 3627 150 3665 Ιο,
166 3628 347 3686 Καααευνπτε,
365 3637 402 3679 εό,
417 3639 600 3689 Lehnerdt.
939 3626 962 3672 ‘2
