2408 3826
469 189 685 253 ,31-

65 354 125 431 τής
154 356 228 431 γῆς,
262 347 332 413 ἐκεῖ
360 349 497 431 ἔστησεν
525 348 588 412 δύο
614 350 730 424 κιόνας
756 345 811 412 καί
839 346 949 413 ἐπάνω
973 346 1083 413 αὐτῶν

66 454 130 518 δύο
167 456 288 537 στήλας
320 456 389 538 ήως
421 454 552 529 εἰκόνας
580 459 702 537 χαλκᾶς
734 453 838 518 αὐτοῦ
873 456 920 530 εἰς
951 456 1084 537 μνήμην

64 556 121 623 καί
156 558 343 644 ἐνθύμησιν
375 567 436 625 τοῦ
467 560 672 644 πράγματος,
706 560 841 635 ἅστινας
873 562 994 643 στήλας
1023 566 1084 623 τοῦ

68 663 265 751 Ηρακλέους
294 665 465 749 λέγουσιν,
495 665 531 730 οἰ
555 668 696 731 Λατῖνοι
727 671 871 731 κολῶναι
898 662 1082 750 Ἑρκούλεε.

63 767 285 856 ἀναστρέφων
308 779 393 854 γοῦν
417 767 615 855 ὑἩρακλής
639 766 745 854 ήλθεν
769 773 816 847 εἰς
837 772 897 835 τὸν
919 767 1021 878 Ξῖχῆὤς
1034 762 1137 877 ’λ’ξμίθῖῑ

67 878 204 963 Τίβεριν
222 877 371 961 ποταμὸν
389 873 444 941 καλ
463 875 532 941 ἐκεῖ
543 877 737 960 ὑπήντησαν
756 877 844 963 αύτρῖ
865 877 901 941 οἰ
921 852 962 892 ⁰*
991 849 1077 956 ὑῖἶές
1107 848 1137 884 ως

62 991 295 1060 κατοικοῦντες
316 983 357 1046 τά
379 979 462 1066 μέρη
491 982 599 1047 ἐκεῖνα
618 981 777 1065 Ἕλληνες
800 983 858 1059 οὓς
880 984 1081 1068 προείπομεν

62 1086 120 1153 καλ
135 1087 292 1173 ἐτίμησαν
311 1089 414 1154 αὑτὸν
428 1089 473 1165 ὑς
486 1091 570 1154 θεὸν
584 1087 640 1154 καὶ
653 1089 814 1172 ἐποίησαν
828 1089 917 1177 αὐτῷ
932 1087 986 1153 καί
996 1087 1081 1152 ναὸν

62 1191 119 1258 καί
139 1193 299 1279 ἐποίησαν
317 1193 372 1260 καλ
390 1197 517 1260 θυσίαν
541 1194 629 1283 αὑτῷ
650 1196 758 1279 ὥσπερ
777 1201 848 1282 θεῷ
868 1195 924 1259 διὰ
941 1195 981 1258 τά
1000 1195 1081 1278 ἔργα

63 1299 147 1387 άπερ
157 1299 320 1386 ἐποίησεν.
344 1298 462 1366 πολλοὶ
471 1311 556 1384 γοῦν
566 1299 807 1384 τῶνἙλλήνων
817 1310 884 1365 τῶν
894 1297 961 1383 μετ’
977 1300 1081 1365 αὐτοῦ
1101 1313 1134 1361 10

63 1406 193 1484 ἰδόντες
214 1408 276 1491 τήν
299 1416 362 1491 μήν
385 1408 490 1490 καλήν
513 1406 568 1471 καί
586 1409 731 1493 λιπαρὰν
751 1404 806 1472 καί
825 1409 903 1483 τοὺς
916 1404 1081 1490 Ἕλληνας

60 1515 141 1589 τοὺς
163 1521 400 1590 κατοικοῦντας
418 1512 487 1578 ἐκεῖ
506 1513 733 1599 παρεκάλεσαν
751 1515 811 1578 τὸν
824 1510 1000 1598 Ἡρακλέα,
1024 1512 1080 1576 ἴνα

61 1617 176 1703 ἀφήση
201 1617 323 1695 αύτοὺς
345 1627 538 1702 κατοικῆσαι
562 1620 609 1695 εἰς
631 1621 690 1684 τὸν
712 1621 817 1684 τόπον
848 1618 977 1708 ἐκεῖνον
1000 1619 1080 1701 μετά

60 1732 130 1787 τῶν
158 1722 321 1788 ἐντοπίων
343 1720 523 1806 Ἑλλήνων.
569 1721 624 1789 καί
651 1726 715 1809 γάρ
742 1720 828 1807 ἦσαν
852 1722 907 1788 καί
931 1723 1079 1787 ἀπὸτοῦ

61 1830 169 1894 κόπου
191 1827 246 1894 καὶ
268 1837 326 1913 τής
349 1833 520 1915 στρατείας
543 1829 684 1895 καὶτῶν
704 1829 859 1914 πολέμων
878 1830 913 1894 οἰ
928 1831 1079 1904 πλείονες

61 1934 219 2013 ἀσθενεῖς
241 1933 296 2001 καλ
315 1935 475 2002 ἀδύνατοι
494 1935 549 2002 καὶ
568 1937 629 2002 οὑκ
647 1937 815 2021 ήὺύναντο
834 1945 955 2001 κοπιᾶν
978 1936 1078 1999 πάλιν

60 2039 117 2106 καὶ
130 2038 355 2127 ὑποστρέφειν
376 2051 539 2108 τοσοῦτον
561 2045 673 2109 τόπον.
709 2043 853 2119 ἀκούσας
868 2037 930 2107 οὑν
946 2041 963 2106 ὁ
978 2039 1078 2126 Ἡρα-

58 2151 141 2231 κλῆς
168 2148 230 2231 τήν
256 2147 463 2233 παράκλησιν
493 2148 604 2213 αὐτῶν
632 2149 759 2233 ἀφῆκεν
782 2151 927 2224 πολλοὺς
949 2148 996 2224 εἰς
1018 2149 1079 2219 τὸν

59 2255 165 2318 τόπον
178 2262 310 2335 τοῦτον,
330 2253 430 2330 αὐτὸς
444 2250 481 2318 δὲ
495 2255 656 2338 μετὰτῶν
671 2258 797 2320 λοιπῶν
810 2252 1016 2339 ὑπέστρεφεν
1031 2253 1078 2328 εἰς
1098 2267 1131 2315 19

57 2362 97 2425 τὸ
112 2355 241 2446 ’Ἁρνος
273 2355 365 2425 οὑτοι
386 2357 422 2425 δὲ
442 2361 478 2425 οἰ
492 2369 553 2425 τοῦ
565 2356 767 2446 Ἡρακλέους
776 2358 893 2442 Ἕλλη·
915 2405 958 2460 23¹.
977 2404 1012 2450 au
1026 2407 1049 2450 οἱ
1061 2418 1132 2450 naza-

58 2490 117 2543 νες
144 2469 383 2544 κατοικίζονται
416 2467 463 2542 εἰς
490 2465 549 2531 ἕνα
577 2469 685 2550 λόφον
712 2469 818 2550 ήμουν
846 2469 893 2543 εἰς
928 2476 1060 2538 λειφθέντες
1087 2477 1118 2528 εἰς

57 2575 200 2656 βουνίον
223 2575 359 2658 μικρόν,
391 2570 428 2649 ὃς
454 2575 527 2637 τότε
555 2569 682 2655 ἐλέγετο
706 2576 892 2660 Σατόρνιος
911 2545 1129 2682 Hgffl'zffivr

58 2678 124 2744 ἀπὸ
147 2686 208 2743 τοῦ
231 2678 392 2762 ὀνόματος
410 2689 471 2743 τοῦ
494 2685 578 2743 θεοῦ
601 2687 662 2744 τοῦ
679 2680 890 2763 Σατούρνον,
913 2707 949 2742 κς
969 2690 1000 2741 εἰς
1013 2686 1056 2774 τὸη
1066 2686 1130 2745 λαό-

57 2785 175 2850 ὅντινα
194 2782 351 2867 λέγουσιν
370 2785 406 2849 οἰ
415 2783 572 2869 Ἕλληνες
586 2787 732 2870 Κρόνον,
752 2787 892 2849 Λατῖνοι
914 2763 1132 2893 ἕξζίἑοῗαῇζρηιὲζ

58 2887 97 2955 δὲ
134 2895 343 2974 Σατούρνον.
395 2899 460 2955 νῦν
497 2887 534 2955 δὲ
571 2890 588 2955 ὁ
626 2892 730 2974 λόφος
767 2889 892 2967 ἐκεῖνος
913 2896 1131 2985 τιτνλῖνονικατύ-

57 2994 188 3079 λέγεται
211 3000 442 3073 Καπιτωλῖνος
464 2999 523 3061 καί
542 2995 611 3061 ἐστι
635 2999 779 3081 σήμερον
800 2995 892 3072 ἐντὸς
941 2974 1106 3031 ''¹⁰“⁷²⁰‘¹²⁰'‘
1161 3035 1163 3040 ·

56 3110 114 3187 τής
140 3099 273 3186 Ῥώμης.
327 3106 558 3179 Καπιτωλῖνος
588 3098 625 3168 δέ
658 3103 841 3186 ὠνομάσθη
874 3103 937 3167 ἀπὸ
970 3104 1076 3177 αἰτίας

54 3209 219 3292 τοιαύτης.
264 3209 312 3285 εἰς
333 3210 393 3273 τὸν
416 3210 496 3292 μετά
519 3217 622 3272 ταῦτα
645 3210 762 3294 καιρὸν
786 3207 845 3292 ἀφ’
874 3204 914 3273 οὑ
938 3208 1073 3289 ἐκτίσθη

54 3313 110 3380 καί
135 3318 269 3398 οἰκίσθη
288 3314 309 3398 ή
328 3310 449 3399 Ῥώμη,
482 3313 611 3397 ἐγένετο
640 3314 677 3379 ἐν
705 3315 787 3399 αὐτῇ
818 3316 898 3398 μετά
929 3315 1074 3388 πολλοὺς

128 3470 252 3542 λήγοντι
270 3472 303 3526 V.
378 3477 411 3524 12
431 3479 617 3534 κατικοῦντας
634 3472 697 3526 vat.
776 3477 809 3524 22
830 3466 992 3540 σαντόρνιος
1007 3468 1070 3523 Vah.

55 3549 90 3598 27
110 3560 198 3613 marg.
219 3542 309 3600 κάειν,
328 3540 421 3597 πόθεν
441 3542 594 3613 ὠνομάσθη
615 3545 802 3604 καπιτωλῖνος
818 3543 857 3597 Κ.
