2408 3826
468 169 693 234 ..35-

60 324 203 411 Ῥώμην,
240 325 310 392 ἐπεὶ
332 335 416 411 γοῦν
438 329 539 393 τοῦτό
562 327 631 394 ἐστι
655 329 803 414 φανερὸν
826 326 882 393 καὶ
905 329 1089 413 ὁμολογού-

67 457 184 518 μενον,
204 434 240 499 ολ
257 430 293 498 δὲ
307 431 466 519 Ἕλληνες
485 428 576 518 εἶχον
593 437 672 511 τοὺς
694 438 809 519 Τρῶας
828 435 873 512 ὡς
886 436 1088 522 βαρβάρους,

66 550 136 604 τῶν
167 538 204 606 δὲ
232 540 411 627 βαρβάρων
439 542 479 605 τά
507 539 658 624 άπόγονα
686 539 719 619 ἐξ
747 539 893 624 ἀνάγκης
920 540 985 606 εἰσὶ
1007 543 1088 628 βάρ-

67 650 182 733 βαροι,
211 645 267 713 καὶ
294 648 400 726 οὕτως
428 647 633 733 εὑρίσκεται,
662 648 712 712 ὅτι
740 645 795 712 καὶ
820 647 856 712 ολ
872 644 1031 731 Ῥωμάνοι
1056 649 1092 713 οἱ

67 756 241 832 κτίσαντες
266 755 329 838 τὴν
357 750 483 838 Ῥώμην
515 750 601 818 εἰσὶν
632 753 814 838 βαρβάρων
842 752 1004 835 άπόγονοι
1032 756 1092 818 καί

66 859 134 924 εἰσι
170 858 225 924 καὶ
262 857 357 925 αὐτοὶ
393 861 576 945 βάρβαροι,
621 860 676 924 διὰ
714 867 814 924 τοῦτο
852 858 995 941 βιάζεται
1031 857 1087 924 καὶ

67 964 284 1048 ἀναγκάζεται
312 965 368 1030 ἴνα
391 966 497 1052 δείξῃ,
530 965 581 1030 ὅτι
603 963 659 1030 καὶ
681 976 749 1029 τῶν
777 964 902 1049 Τρώων
930 963 1088 1049 τὸγένος

66 1071 130 1155 οὐχ
153 1071 278 1157 ὑπῆρχε
301 1073 489 1158 βάρβαρον,
519 1071 603 1137 άλλά
626 1070 800 1155 ἕλληνικὸν
828 1067 884 1136 καὶ
906 1072 1009 1136 καλὸν
1032 1069 1088 1137 καὶ

66 1180 203 1262 ἔντιμον
225 1176 281 1244 καὶ
305 1178 467 1244 ἐκλεκτόν.
512 1181 560 1255 είς
581 1179 644 1262 τὴν
668 1177 838 1256 ἀπόδειξιν
859 1185 944 1260 γοῦν
962 1178 1087 1262 ταύτην

65 1285 270 1368 μνημονεύει
292 1282 348 1349 καὶ
368 1295 426 1369 τῆς
444 1288 551 1370 νήσου
569 1293 627 1369 της
646 1279 885 1370 Σαμοθρᾴκης,
901 1277 946 1347 δι’
967 1284 1085 1367 η’ντινα
1107 1301 1140 1350 10

64 1391 217 1475 ἤλθομεν
240 1390 295 1457 καὶ
319 1392 367 1469 εἰς
388 1394 467 1468 τοὺς
490 1394 611 1474 λόγους
633 1390 781 1467 τούτους.
809 1391 841 1454 εί
862 1386 963 1454 δὲ
922 1418 972 1477 μα’,
996 1417 1061 1466 310
1050 1419 1141 1482 am

64 1494 158 1580 λε’γοι
182 1520 243 1582 τις,
265 1510 335 1576 πῶς
355 1495 407 1563 ολ
406 1492 606 1582 Έλληνες
575 1521 666 1582 ειχον
684 1499 763 1572 τοὺς
785 1500 901 1581 Τρῶας
922 1489 1025 1617 (03090000
1028 1508 1080 1543 00
1058 1489 1080 1536 00
1082 1489 1139 1536 000

64 1604 111 1680 ὡς
134 1605 334 1735 βαρβάρους,
359 1604 471 1688 ἐπειδὴ
496 1607 576 1688 μίαν
598 1606 711 1668 πίστιν
735 1597 826 1686 εἶχον
844 1599 899 1667 καὶ
922 1578 968 1688 7223
970 1646 1029 1676 σοι,
963 1559 1139 1687 Ὓςὶςῖγέςς,

63 1712 144 1786 τοὺς
158 1709 281 1786 αὐτοὺς
295 1712 399 1787 θεοὺς
413 1709 645 1794 προσεκύνουν
659 1706 714 1772 καὶ
733 1704 952 1789 ἐσέβοντο,00
925 1699 997 1746 00
973 1714 1044 1759 00
1032 1704 1139 1748 00000000

64 1813 206 1900 λέγομεν
244 1816 295 1880 ὅτι
332 1815 369 1880 τὸ
405 1815 582 1900 βάρβαρον.
617 1810 695 1878 οὐδὲ
697 1838 717 1878 ν
759 1823 884 1877 νοεῖται
916 1810 991 1898 περὶ
1027 1824 1086 1897 της

63 1922 220 2004 πίστεως,
249 1920 332 1986 άλλά
359 1931 484 1986 νοεῖται
508 1920 564 1985 διά
592 1919 629 1983 τὸ
652 1917 750 2001 γένος
772 1916 826 1983 καὶ
850 1919 912 2002 τὴν
935 1923 1085 2002 γλῶτταν

63 2024 121 2092 καὶ
144 2028 206 2111 τὴν
228 2026 321 2106 τάξιν
344 2036 401 2111 τῆς
423 2029 592 2103 πολιτείας
614 2022 669 2091 καὶ
691 2027 753 2110 τὴν
776 2026 961 2091 παίδευσιν.
992 2025 1086 2110 ἡμεῖς

62 2136 129 2219 γάρ
153 2130 349 2219 Χριστιανοὶ
373 2134 466 2210 ὄντες
489 2129 544 2197 καὶ
572 2135 652 2216 μίαν
674 2134 788 2196 πίστιν
817 2135 948 2216 ἔχοντες
970 2129 1023 2196 καλ
1047 2133 1085 2196 ἓν

62 2239 232 2323 βάπτισμα
255 2241 334 2324 μετά
352 2243 486 2304 πολλῶν
510 2238 622 2303 ἐθνῶν
645 2239 734 2321 ὅμως
751 2237 942 2323 βαρβάρους
965 2240 1084 2322 ἐχομεν

63 2344 121 2411 καὶ
157 2345 297 2430 λέγομεν
333 2349 411 2422 τοὺς
447 2344 665 2430 Βουλγάρους
700 2345 779 2419 τοὺς
815 2343 967 2427 Βλάχους
1005 2347 1084 2420 τοὺς
1103 2361 1137 2408 20

58 2449 257 2536 ’Λλβανίτας
283 2455 362 2528 τοὺς
384 2450 540 2540 Ῥούσους
563 2448 619 2515 καὶ
646 2448 790 2534 καθεξῆς
818 2450 857 2514 τά
881 2449 965 2514 άλλα
988 2452 1083 2534 ἐθνη.

62 2559 152 2624 οὕτω
181 2557 237 2624 καὶ
264 2559 300 2625 οἱ
316 2556 474 2641 Ἕλληνες
502 2560 582 2642 μίαν
612 2559 725 2621 πίστιν
753 2558 885 2640 ἔχοντες
912 2557 992 2639 μετά
1015 2566 1082 2620 τῶν

61 2665 178 2730 ἐθνῶν
201 2665 289 2750 ὅμως
311 2665 436 2741 πάντας
460 2664 533 2729 ὅσοι
556 2658 643 2747 ἦσαν
665 2661 727 2740 ἐξω
750 2669 811 2727 τοῦ
833 2660 953 2744 γένους
972 2660 1082 2726 αὐτῶν

61 2768 119 2836 καὶ
151 2781 209 2856 της
240 2771 392 2854 γλώσσης
423 2779 480 2853 της
512 2767 685 2852 ἐλληνικῖγς
712 2767 853 2833 ἐκάλουν
882 2767 1081 2853 βαρβάρους.

61 2874 153 2961 λέγει
175 2886 260 2961 γοῦν
282 2877 299 2943 ὁ
319 2876 502 2950 Διονύσιος
520 2871 596 2958 περὶ
613 2883 674 2939 τοῦ
692 2872 812 2956 γένους
830 2883 898 2938 τῶν
934 2883 1021 3001 μμίι
1006 2884 1109 2932 ἀόιιάιάι
1080 2902 1122 2938 ιιι
1172 2921 1173 2925 ,

67 2984 193 3069 Τρώων
226 2983 338 3060 οὕτως.
390 2982 440 3046 ὅτι
473 2976 509 3045 δὲ
541 2978 596 3044 καὶ
627 2982 664 3046 τὸ
702 2977 800 3064 γενος
831 2989 898 3043 τῶν
924 2957 1051 3088 remu?
1063 2960 1122 3152 ’γοοΞ
1097 3041 1135 3076 m

67 3089 224 3175 Τρώων*
207 3099 354 3220 υπηρχεν
369 3086 542 3170 ἑλληνικὸν
557 3111 610 3150 και
626 3087 661 3151 οι
671 3110 728 3168 της
741 3086 900 3171 Τρωάδος
950 3093 1063 3152 ἀλκυών

62 3197 240 3280 άνθρωποι
267 3190 352 3278 ησαν
375 3193 537 3275 ἀπόγονοι
560 3190 815 3275 τῶνἙλλήνων
837 3201 905 3255 τῶν
928 3113 1091 3268 ἐξελθόν-η

62 3324 131 3366 των
155 3300 218 3365 άπὸ
241 3309 299 3383 τῆς
318 3302 562 3384 Πελοπουήσου
584 3294 639 3362 καὶ
662 3298 931 3380 κατοικησάντων
955 3297 1002 3370 εἰς
1020 3295 1078 3357 τὸν

138 3536 170 3586 19
190 3531 305 3583 πολλῶν
324 3528 387 3583 vat.
460 3525 515 3598 μβ.
534 3523 570 3594 ἣν
589 3543 639 3596 pro
658 3519 693 3593 ἦν
715 3526 778 3580 Vat.

836 3613 876 3668 Q*
