2408 3826
471 165 691 229 ..27-

65 324 263 406 δυυηθῆναι
287 323 449 406 βαστάσαι
470 320 526 387 καὶ
549 330 709 408 κρατῆσαι
732 325 812 406 μίαν
831 321 937 407 ἀρχήν
956 324 1003 398 είς
1025 324 1087 406 τήν

67 429 272 494 κατάστασιν
295 429 413 511 ήντινα
435 428 622 514 παρέλαβεν
642 429 756 513 αὐτήν,
781 429 863 493 ώστε
884 429 929 513 μή
949 427 1087 494 ἐλαττω-

63 541 175 618 θῆναι
198 534 218 618 ή
242 541 491 618 ταπεινωθῆναι
513 534 534 618 ή
557 541 857 620 καταφρονηθῆναι
879 535 1011 617 ταύτην.
1055 534 1090 599 oc

68 638 133 726 γάρ
166 649 313 706 τοιοῦτοι
345 642 524 726 ἀνθρωποί
553 642 638 705 είσιν
673 641 709 705 oc
741 639 998 726 ἐλευθεροῦντες
1028 642 1087 717 τὰς

63 749 182 823 πόλεις
216 747 280 812 ἀπὸ
311 758 379 813 τῶν
410 747 580 812 κινδύνων
612 746 649 812 ἐν
680 757 751 824 τοῖς
777 757 906 833 καιρολς
932 756 999 811 τῶν
1026 767 1086 812 πο-

64 851 197 936 λέμων,
233 853 269 917 oc
298 851 538 938 προειρημένοι
573 851 629 917 καὶ
665 851 923 936 πεπαιδευμένοι
961 850 1016 917 καὶ
1054 853 1090 917 oc

68 955 270 1035 αὐξάνοντες
299 957 355 1022 καὶ
384 958 626 1042 μεγαλύνοντες
659 957 759 1033 αὐτάς
788 957 825 1023 ἐν
857 969 927 1035 τοῖς
958 969 1087 1043 καιροίς

68 1072 128 1147 τῆς
151 1064 294 1149 είρήνης.
339 1063 396 1129 καὶ
423 1064 465 1129 ἀν
492 1067 620 1147 ποιήσω
647 1072 745 1129 τοῦτο
775 1064 831 1128 διά
853 1073 910 1146 τῆς
941 1065 1088 1149 ἱστορίας

65 1192 136 1253 μου
150 1171 280 1254 ταύτης,
300 1169 388 1254 λέγει
404 1170 421 1235 6
436 1171 629 1253 Διονύσιος,
647 1167 703 1234 καλ
716 1172 909 1254 καταστήσω
927 1168 1086 1253 γενέσθαι

66 1277 243 1352 τοιούτους
267 1275 476 1362 ἀνθρώπους.
523 1276 541 1341 6
569 1277 633 1361 γάρ
661 1279 760 1358 λόγος
786 1275 937 1341 παιδεύει
960 1275 1015 1341 καὶ
1037 1299 1085 1341 τε·
1106 1296 1139 1343 10

64 1385 156 1446 λειοί
171 1383 231 1446 τὸν
244 1383 428 1468 ἀνθρώπου
442 1380 497 1447 καὶ
517 1381 666 1466 ἐκβάλλει
686 1382 789 1446 αὐτὸν
807 1381 871 1446 ἀπὸ
890 1390 948 1466 τῆς
965 1381 1086 1460 τάξεως

62 1496 129 1552 τοῦ
158 1489 252 1565 ζώου.
299 1489 335 1553 oc
360 1490 424 1574 γάρ
453 1490 570 1572 ἀλογοι
598 1489 774 1573 ἀνθρωττοι
802 1490 909 1571 μόνον
942 1489 997 1552 διὰ
1024 1489 1086 1572 τῆν

66 1595 181 1677 ψυχὴν
209 1593 405 1679 διαφέρουσι
433 1605 500 1659 τῶν
532 1594 639 1676 ζώων,
668 1595 716 1670 είς
745 1590 782 1658 δέ
809 1594 849 1658 τά
872 1594 955 1658 ἀλλα
978 1595 1086 1659 πάντα

62 1697 133 1763 είσὶ
156 1711 226 1776 τοῖς
250 1701 344 1777 ζώοις
368 1701 485 1784 ὅμοιοι.
533 1699 575 1765 ἀν
601 1709 687 1784 γοῦν
709 1701 838 1782 ποιήσω
867 1698 951 1782 φησί
974 1709 1085 1782 τοῦτο,

65 1806 194 1886 τρόπον
225 1806 301 1870 τινά
333 1805 440 1889 μέλλω
475 1811 648 1891 πληρῶσαι
682 1803 737 1870 καὶ
767 1804 831 1888 ἐγὼ
866 1802 949 1888 μέγα
979 1805 1086 1890 χρέος,

64 1911 149 1995 ὅπερ
172 1921 326 1995 χρεωστώ
354 1920 393 1996 τῆ
412 1909 518 1998 Ῥώμη
548 1913 605 1977 διὰ
627 1912 733 1977 πολλὰ
762 1912 874 1994 ἀγαθά
897 1912 980 1996 ἀπερ
1004 1911 1085 1995 ἀπή-

65 2021 176 2097 λαυσα
206 2011 280 2102 παρ’
314 2017 405 2102 αὐτῆ.
450 2016 506 2083 καλ
536 2018 618 2101 αὕτη
649 2017 740 2083 ἐστὶν
769 2018 789 2102 ῆ
819 2016 958 2103 δευτέρα
986 2018 1084 2100 αίτία,

62 2117 113 2185 δι’
146 2121 189 2204 ῆν
219 2117 325 2205 ἦλθεν
355 2124 402 2198 είς
430 2124 492 2206 τήν
521 2124 671 2209 ἱστορίαν
698 2124 824 2206 ταύτην
852 2123 870 2188 6
894 2125 1085 2200 Διονύσιος.
1106 2141 1139 2189 18

64 2226 86 2309 ἡ
109 2223 146 2291 δὲ
168 2231 261 2313 τρίτη
284 2226 339 2293 καὶ
362 2232 533 2294 τελευταία
556 2227 646 2295 ἐστὶν
669 2239 727 2314 τῆς
753 2230 1140 2320 [⁶109506926'.196qazua

62 2334 157 2397 αίτία
179 2335 301 2417 ταύτης
324 2335 443 2418 αὐτοῦ,
467 2336 523 2401 ἴνα
546 2336 659 2421 ἀφῆση
682 2333 738 2400 καλ
761 2331 859 2412 οὗτος
882 2335 900 2400 6
924 2327 1053 2444 }‘'j⁹“3“
1067 2323 1140 2446 ’λήθην

64 2439 253 2516 Διονύσιος
275 2443 391 2524 φήμην
414 2438 469 2506 καὶ
492 2442 598 2525 ὄνομα
621 2443 668 2518 είς
690 2443 750 2506 τὸν
773 2444 900 2525 κόσμον
923 2469 965 2530 ιχ,
979 2415 1084 2535 m&
1100 2417 1141 2530 ,δή

63 2542 123 2609 καλ
146 2547 193 2621 είς
215 2547 294 2623 τοὺς
316 2547 457 2632 ὕστερον
480 2548 682 2633 ἀνθρώπους
704 2557 762 2631 τῆς
780 2550 902 2632 σοφίας
984 2541 1079 2602 Ῥώμης·

63 2649 173 2716 αὐτοῦ
195 2649 250 2716 καὶ
273 2661 331 2735 τῆς
353 2652 491 2736 ἀγάπης,
515 2654 633 2736 ήντινα
656 2647 744 2738 εἶχεν
773 2655 820 2730 είς
846 2657 924 2731 τοὺς
947 2660 1085 2738 μεγαλο-

63 2766 202 2841 πρεπεῖς
235 2756 291 2823 καὶ
325 2762 503 2840 γενναίους
534 2759 682 2836 ἐκείνους
717 2760 842 2844 ἀνδρας
873 2756 928 2824 καὶ
966 2761 1013 2836 είς
1044 2762 1085 2825 τά

64 2861 194 2945 μεγάλα
217 2860 272 2928 καὶ
295 2865 469 2948 θαυμάσια
488 2868 568 2950 ἔργα
587 2865 709 2947 αὐτῶν,
732 2865 828 2929 άτινα
847 2865 1010 2948 διηγεῖται
1028 2865 1084 2932 καὶ

63 2969 163 3033 ἅτινα
187 2967 319 3035 ἐπαινεῖ
343 2972 423 3054 μετὰ
446 2969 607 3054 ἀληθείας
633 2969 688 3035 καὶ
716 2971 874 3055 ἀκριβοῦς
900 2970 1085 3049 ἐξετάσεως.

66 3071 158 3155 λέγει
175 3075 239 3158 γάρ
255 3074 273 3139 6
289 3076 454 3161 ίστορικδς
473 3071 571 3153 οὗτος
590 3075 645 3141 καὶ
664 3079 861 3162 ἰσχυρίζεται
879 3075 935 3142 καὶ
953 3080 1084 3162 βεβαιοῖ

67 3176 123 3244 καὶ
143 3179 370 3264 ἀποδεικνύει,
390 3182 439 3246 ὅτι
459 3184 639 3258 καθολικὸς
658 3185 756 3265 λόγος
774 3181 830 3247 καὶ
849 3183 1011 3266 ἀληθινὸς
1028 3179 1083 3247 καὶ

64 3283 336 3370 ὁμολογούμενος
360 3289 450 3373 παρά
472 3289 606 3353 πάντων
629 3298 696 3353 τῶν
724 3286 778 3352 ἀπ’
806 3291 928 3365 αἰῶνος
951 3289 1084 3372 ἀνθρώ-

63 3413 138 3456 πων
152 3391 208 3457 aaz
223 3402 339 3477 σοφῶν
353 3392 409 3458 καί
423 3394 561 3477 ἀσόφων
575 3395 725 3479 ὑπάρχει,
742 3394 791 3458 ὅτι
802 3395 959 3479 τοιαύτην
971 3396 1082 3479 ψυχὴν
1101 3414 1136 3462 30

139 3518 173 3568 18
192 3511 232 3568 δι’
253 3511 270 3582 ἣ
292 3513 325 3569 V.
421 3520 455 3569 30
474 3514 489 3569 6
508 3515 641 3585 τοιαύτην
661 3515 745 3577 codd.
