2408 3826
484 184 702 248 ..33-

74 339 207 426 Ῥώμης
229 344 276 421 εἰς
298 343 337 406 τά
360 343 447 408 κάτω
470 342 552 429 με’ρη
577 344 734 427 αἰγιαλός.
761 343 887 428 ὑπῆρχε
907 344 988 427 άλλη
1008 346 1101 427 βασι-

83 452 159 514 λεία
182 452 254 514 τότε
279 451 360 534 ἰδία,
382 450 507 534 μεγάλη
530 447 586 515 καὶ
610 448 805 535 ἰσχυροτέρα
824 451 909 535 παρὸ
928 450 989 533 τήν
1008 452 1109 533 βασι.

83 557 180 620 λείαν
204 565 261 640 τής
279 553 404 640 Ῥώμης
426 564 471 644 τῷ
495 563 599 644 καιρῷ
623 555 746 645 ἐκείνω.
788 555 858 621 ἐκεῖ
877 564 961 638 γοῦν
985 558 1102 639 ἔλεγον

82 662 122 726 ολ
138 663 282 746 μάντεις,
306 663 357 728 ὅτι
376 666 445 727 ἔστι
465 662 565 746 μέγας
583 661 638 726 καὶ
656 662 845 746 θαυμάσιος
862 662 988 746 μάντις,
1013 662 1103 738 ὅστις

84 769 228 834 δύναται
251 770 345 834 λύειν
368 767 423 835 καὶ
448 771 641 854 διασαφεῖν,
669 772 704 833 τί
724 769 879 852 βούλεται
902 769 939 832 τὸ
963 777 1102 852 σημεῖον

82 884 197 958 τοῦτο,
220 877 320 952 άλλος
344 871 380 940 δὲ
404 875 524 953 οὐδείς.
552 875 686 960 ἐποίησε
709 883 807 940 τοῦτο
833 874 850 940 ὁ
874 877 1030 957 βασιλεὺς
1047 872 1102 939 καὶ

84 979 255 1047 ἀπέστειλε
277 984 481 1067 πρεσβευτάς
503 983 586 1067 πρὸς
608 983 667 1047 τὸν
690 982 809 1065 μάντιν
833 980 970 1046 ἐκεῖνον.
1003 980 1103 1046 άκοά-

84 1104 148 1165 σας
169 1085 206 1153 δὲ
225 1088 242 1153 ὁ
262 1089 377 1172 μάντις
395 1090 484 1174 παρὰ
502 1100 569 1153 τῶν
588 1086 761 1172 πρέσβεων
779 1090 816 1153 τὸ
841 1097 980 1172 σημεῖον
1002 1095 1101 1152 τοῦτο

85 1193 222 1277 ἐνόησε,
254 1195 304 1259 ὅτι
337 1197 383 1271 εἰς
416 1192 499 1279 μέγα
527 1195 658 1277 ἀγαθὸν
685 1204 743 1278 τῆς
762 1192 885 1278 Ῥώμης
908 1191 1037 1277 ἐγένετο
1064 1195 1102 1258 τὸ

84 1311 226 1384 σημεῖον
254 1310 352 1366 τοῦτο
380 1299 436 1365 καὶ
464 1300 619 1385 ἐβούλετο
647 1302 752 1366 εἰπεῖν
785 1302 890 1383 άλλην
921 1300 1020 1365 λύσιν
1047 1296 1102 1364 καὶ
1123 1315 1157 1362 10

85 1404 242 1490 ἐξήγησιν
275 1408 362 1493 παρὸ
393 1407 455 1490 τήν
486 1406 652 1491 ἀληθινήν
684 1408 731 1484 εἰς
763 1406 893 1483 αὐτούς.
940 1400 1033 1470 οὗτοι
1067 1402 1103 1470 δὲ

84 1512 297 1597 παρεκάλουν
325 1513 443 1596 αὐτόν,
472 1513 528 1577 ἵνα
556 1519 631 1598 εῖπη
660 1512 773 1588 αὐτοῖς
799 1523 911 1577 πᾶσαν
937 1513 998 1596 τήν
1026 1511 1104 1596 άλή-

85 1624 187 1682 θειαν
218 1615 273 1683 καὶ
306 1619 350 1702 μή
380 1622 642 1704 παραλογίσηται
679 1617 800 1694 αὐτοὺς
834 1617 889 1683 καὶ
917 1626 992 1703 εῖιτη
1020 1620 1104 1683 άλλα

85 1720 162 1789 ἀντὶ
185 1725 304 1789 άλλων.
334 1723 487 1808 νικηθεὶς
510 1720 573 1790 οὖν
596 1725 614 1790 ὁ
633 1725 750 1809 μάντις
768 1724 832 1790 ὑπὸ
851 1735 919 1789 τῶν
955 1754 996 1812 ιη,
1025 1752 1144 1814 ἀπόφασις

83 1833 326 1915 παρακλήσεων
362 1826 431 1896 εἶπε
468 1833 551 1917 πρὸς
582 1831 718 1908 αὐτούς·
755 1829 919 1896 ἀπέλθατε
942 1824 1157 1910 ὀῗμάῖῖωῖπέά

83 1937 208 2021 ἄνδρες
226 1934 381 2022 Ῥωμαῖοι
404 1936 459 2002 καὶ
483 1945 593 2004 εἴπατε
612 1946 657 2026 τῷ
677 1941 808 2022 βασιλεῖ
825 1938 920 2022 ὑμῶν
943 1899 1158 2029 ,ἶήὶἶζέ’ζῗσῖἱ,

84 2039 143 2106 καὶ
170 2051 251 2107 πᾶσι
277 2053 347 2120 τοῖς
365 2040 550 2128 Ῥωμαίοις,
584 2044 634 2109 ὅτι
665 2047 834 2129 πρόκειται
862 2045 918 2108 ἵνα
940 2041 1057 2126 Σαῖθίξνίῖ
1093 2037 1158 2101 λόφῳ

84 2146 223 2232 γένηται
254 2150 381 2232 κεφαλή
413 2158 474 2213 τοῦ
505 2152 633 2234 κόσμου
665 2150 746 2214 ὅλον
774 2149 792 2215 ὁ
819 2152 919 2227 τόπος
942 2112 1158 2237 ἐζετιοῖιάήιάίοοάς

85 2253 216 2331 ἐκεῖνος
238 2245 324 2342 ἐνῷ
352 2252 475 2340 εὑρέθη
504 2255 524 2338 ή
551 2256 679 2340 κεφαλή
707 2255 805 2339 αὕτη,
834 2256 921 2339 πλήν
1024 2252 1080 2296 ναοῦ

86 2361 145 2425 διά
167 2359 321 2444 πολέμων
344 2359 400 2425 καὶ
423 2371 563 2444 σφαγῶν
585 2358 640 2425 καὶ
659 2359 807 2444 αἱμάτων
824 2364 967 2424 πολλῶν.
999 2369 1101 2426 ταῦτα
1121 2378 1158 2426 20

85 2467 291 2544 ἀκούσαντες
324 2467 359 2532 οῖ
387 2464 541 2552 πρέσβεις
573 2466 775 2551 ἀπήγγειλαν
811 2475 856 2554 τῷ
888 2469 1022 2549 βασιλεῖ
1049 2463 1104 2531 καὶ

86 2583 160 2651 τοῖς
177 2571 349 2658 Ῥωμαίοις
375 2582 456 2639 πᾶσι
486 2575 566 2658 μετά
595 2582 698 2658 χαράς
721 2574 864 2657 μεγάλης
890 2571 986 2638 καὶὸ
1010 2575 1129 2655 βασι--

89 2682 169 2756 λεὺς
192 2681 272 2763 μετὰ
295 2681 444 2763 σπουδῆς
467 2678 623 2763 ἐποίησεν
645 2679 705 2744 τὸν
727 2680 812 2743 ναὸν
830 2687 891 2744 τοῦ
909 2681 1002 2754 Διός.
1040 2676 1103 2742 άπὸ

85 2787 163 2851 τότε
182 2785 308 2870 ἐκλήθη
328 2786 345 2851 ὁ
366 2789 470 2870 λόφος
489 2785 614 2862 ἐκεῖνος
633 2788 863 2861 Καπιτωλῖνος
880 2785 987 2867 ήγουν
1005 2785 1105 2860 τόπος

86 2900 148 2975 τῆς
170 2897 327 2976 κεφαλῆς·
355 2893 475 2957 κάπιτα
498 2893 560 2976 γὰρ
585 2891 620 2955 οῖ
635 2888 788 2975 Ῥωμαῖοι
816 2888 951 2973 λέγουσι
973 2891 1031 2968 τὰς
1053 2914 1105 2956 κε-

86 2997 207 3082 φαλάς.
253 2996 317 3063 άπὸ
341 2998 462 3062 τούτου
485 3005 546 3062 τοῦ
568 2997 758 3082 πράγματος
777 2996 937 3080 ἐποίησαν
957 2997 992 3061 ολ
1011 2997 1104 3063 ὕστε-

88 3127 154 3189 ρον
176 3107 323 3187 βασιλεῖς
346 3112 492 3187 μονήταν
515 3106 621 3187 ήγουν
644 3105 705 3187 τήν
730 3105 903 3180 ἰδιωτικῶς
921 3103 1105 3188 λεγομένην

88 3210 254 3294 στάμπαν,
279 3205 323 3274 δι’
349 3205 388 3293 ής
411 3209 597 3296 ἐχάρασσαν
620 3212 806 3294 νομίσματα
829 3212 876 3286 εἰς
898 3210 959 3292 τήν
977 3209 1105 3294 Ῥώμην

90 3319 209 3400 ἔχοντα
246 3313 451 3400 ἐπιγραφήν·
497 3311 620 3400 Ῥούμα
653 3315 778 3381 κάποντ
815 3316 956 3399 μούντη,
999 3317 1105 3398 ήγουν

164 3477 197 3526 13
216 3471 446 3542 παραλογήσηται
465 3473 545 3528 codd.
636 3473 685 3540 λη’.
706 3472 878 3543 εὑρεθοάσης
896 3473 929 3526 V.
1003 3479 1037 3527 27
1057 3491 1107 3543 μο-

89 3544 173 3597 νίταν
194 3543 273 3597 codd.

144 3640 178 3681 Io.
191 3641 368 3694 Κεαεναντιιε,
383 3643 417 3685 ed.
433 3644 589 3686 Lehnerdt.
893 3638 914 3685 ’ὅ
