2408 3826
465 189 682 254 „25-

66 347 196 430 αὐτοῖς,
223 345 279 412 καὶ
303 349 461 434 δεύτερον
484 349 540 413 διδι
562 349 624 431 τήν
648 346 813 432 ὠφέλειαν
839 346 894 413 καὶ
920 349 981 432 τήν
1003 369 1083 435 προ-

66 454 176 537 κοπήν
198 465 266 519 τῶν
288 455 369 538 μετδι
396 461 499 519 ταῦτα
521 451 576 519 καὶ
600 455 648 531 είς
669 456 748 530 τοὺς
772 454 913 540 ὕστερον
940 457 1084 540 χρόνους

65 560 259 645 γενομένων
283 561 483 646 ἀνθρώπων.
525 561 561 626 οί
575 561 638 646 γὰρ
658 562 835 646 ἅνθρωποι
855 561 889 627 οί
908 559 1084 645 μέλλοντες

65 663 228 750 γενέσθαι
251 665 429 751 βλέποντες
453 668 500 744 είς
521 667 583 750 τήν
608 667 758 752 ἱστορίαν
780 668 915 751 ταύτην,
938 664 1083 733 ποδαποὶ

69 774 248 858 ἄνθρωποι
280 769 366 857 ήσαν
401 774 436 840 οί
464 776 626 858 πρόγονοι
659 773 770 838 αὐτῶν
800 771 857 838 ναὶ
893 775 940 850 είς
975 776 1084 857 πόσην

67 879 249 965 εὐημερίαν
271 877 327 944 καὶ
351 878 451 958 δόξαν
473 875 584 963 ήλθου
607 880 664 944 διδι
686 880 748 963 τήν
769 882 936 965 φρόνησιν
953 877 1009 945 καὶ
1027 881 1085 956 τὰς

70 985 189 1071 ίιρετδις
207 983 262 1050 καὶ
281 986 322 1050 τὰ
339 988 568 1071 προτερήματα
583 987 679 1052 ὂίτινα
694 981 795 1070 είχου,
815 989 1014 1070 μιμήσονται
1028 984 1084 1051 καὶ

66 1089 165 1157 αὐτοὶ
177 1093 257 1168 τοὺς
269 1093 459 1176 προγόνους
477 1091 588 1156 αὐτῶν
606 1088 661 1156 καὶ
681 1092 910 1157 σπουδάσουσι
923 1092 1084 1176 γενέσθαι

68 1198 152 1264 ὅσον
183 1199 329 1263 δυνατὸν
359 1198 468 1282 ὅμοιοι
492 1196 708 1275 ἐκείνωςκαὶ
731 1199 817 1276 ἄξιοι
847 1206 905 1282 τής
926 1200 1086 1283 πατρίδος

66 1304 180 1369 αὐτῶν
203 1301 258 1368 καὶ
280 1312 341 1369 τοῦ
363 1301 484 1386 γένους
505 1304 624 1370 αὐτῶν.
669 1302 725 1369 καλ
748 1303 806 1369 ἐὰν
833 1303 996 1387 γένωνται
1018 1328 1084 1370 τοι·
1105 1319 1139 1368 10

69 1419 175 1492 οῦτοι,
199 1408 364 1493 μέλλωσιν
387 1411 474 1493 ἔχειν
496 1407 552 1474 καὶ
575 1411 636 1494 τήν
660 1408 833 1494 εὐμένειαν
850 1408 907 1475 ναὶ
925 1412 986 1494 τήν
1004 1414 1085 1497 πρό-

67 1539 168 1581 νοιαν
196 1512 252 1580 ναὶ
282 1515 344 1598 τήν
370 1518 582 1600 προμήθειαν
609 1526 677 1580 τῶν
705 1522 798 1581 θεῶν
825 1517 939 1594 καθὼς
969 1516 1025 1582 καὶ
1053 1518 1088 1582 οί

65 1623 229 1707 πρόγονοι
253 1619 363 1685 αὐτῶν
386 1618 441 1685 καὶ
465 1620 506 1686 οὐ
529 1621 573 1705 μή
598 1619 755 1699 δόξουσιν
783 1622 830 1698 είς
852 1625 930 1698 τοὺς
953 1622 1087 1708 ἀνθρώ-

65 1749 153 1804 πους
183 1728 293 1811 ἄτιμοι
320 1724 376 1791 καί
404 1737 636 1813 μικροπρεπεῖς
664 1724 720 1791 καὶ
748 1728 879 1804 όνειδος
905 1726 960 1792 καὶ
989 1729 1086 1814 ὕβρις

66 1843 138 1898 τῶν
169 1831 321 1919 πατέρων
354 1831 410 1898 καλ
441 1844 509 1898 τῶν
540 1833 684 1898 ποίππων
714 1831 769 1898 καὶ
805 1843 873 1898 τῶν
909 1837 1086 1918 προγόνων

67 1939 181 2009 αὐτῶν
213 1937 267 2005 καὶ
298 1940 382 2016 ὅλως
413 1938 541 2018 ἀνάξιοι
572 1937 730 2022 λέγεσθαι
757 1941 872 2017 παῖδες
903 1940 924 2024 ή
953 1943 1086 2024 έγγονοι

69 2046 235 2112 τοιούτων
255 2043 383 2129 γονέων
401 2044 457 2111 καὶ
475 2047 636 2111 τοιούτων
653 2044 805 2132 πατέρων
824 2044 879 2111 καὶ
898 2050 1085 2132 προγόνων,

69 2150 182 2216 ὁποῖοι
204 2146 291 2234 ἦσαν
314 2151 443 2228 ἐκεῖνοι,
489 2151 573 2216 ἀλλὰ
595 2156 722 2235 μᾶλλον
746 2155 1006 2236 λογισθήσονται
1031 2152 1086 2219 καὶ

70 2258 109 2322 οί
127 2256 264 2342 πατέρες
287 2257 398 2322 αὐτῶν
421 2259 548 2341 έντιμοι
569 2254 626 2322 καὶ
648 2254 744 2323 καλοὶ
766 2255 821 2321 καὶ
843 2262 999 2344 χρήσιμοι
1023 2259 1086 2324 ἀπὸ

69 2372 140 2428 τῶν
167 2364 297 2428 παίδων
325 2363 436 2428 αὐτῶν
462 2361 518 2428 καὶ
545 2362 688 2448 μέλλωσι
720 2366 835 2447 λαβεῖν
866 2364 902 2429 ολ
925 2366 1087 2450 πρόγονοι
1106 2381 1142 2430 20

70 2469 184 2534 αὐτῶν
216 2471 315 2555 τιμήν
349 2471 486 2535 πλείονα
523 2467 578 2534 καὶ
615 2469 731 2552 δόξαν,
769 2469 828 2535 ἐὰν
859 2468 1023 2554 γένωνται
1056 2473 1091 2537 οί

72 2578 209 2658 ἔγγονοι
224 2575 335 2642 αὐτῶν
354 2578 481 2660 ἔντιμοι
499 2573 555 2641 καλ
574 2573 698 2659 ἀγαθοὶ
711 2577 798 2661 παρὸ
813 2575 955 2660 ἐκείνην,
970 2578 1088 2660 ήντινα

70 2675 162 2766 εἶχον
186 2681 239 2748 ὅτε
263 2685 353 2761 ἔζων.
399 2681 419 2764 ή
442 2683 506 2768 γὰρ
530 2681 594 2747 ἀπὸ
614 2693 682 2747 τῶν
700 2683 831 2747 παίδων
849 2683 925 2766 τιμή
945 2683 992 2760 είς
1009 2687 1089 2760 τοὺς

70 2798 182 2870 γονεῖς
204 2787 295 2853 έστιν
318 2788 559 2872 ἀναγκαιοτάτη
583 2785 637 2852 καὶ
659 2793 796 2870 γλυκεῖα
822 2785 878 2853 καὶ
901 2787 1088 2874 έπιθυμητή

74 2895 135 2975 [είς
164 2896 244 2970 τοὺς
269 2897 392 2977 γονεῖς]
421 2895 507 2980 παρὸ
536 2893 681 2978 ἐκείνην,
709 2895 828 2977 ήντινα
855 2897 1033 2979 κτήσονται
1057 2897 1092 2961 οί

71 3009 183 3081 γονεῖς
211 2998 275 3065 ἀπὸ
306 3009 373 3064 τῶν
404 3003 512 3083 ἔργων
541 3000 666 3083 αὐτῶν,
699 3002 849 3086 παρόσον
879 3000 899 3083 ή
927 3000 991 3066 ἀπὸ
1021 3013 1089 3066 τῶν

73 3107 181 3190 ἔργων
203 3107 280 3190 τιμή
304 3109 481 3192 φθείρεται
504 3110 691 3190 συντόμως,
715 3106 735 3190 ή
761 3104 798 3172 δὲ
817 3107 880 3172 ἀπὸ
904 3116 972 3171 τῶν
996 3107 1089 3190 ἐγγό-

72 3235 142 3276 νων
165 3213 242 3296 τιμή
270 3223 338 3277 τῶν
367 3212 496 3296 γονέων
524 3212 672 3297 διαμένει
696 3215 743 3290 είς
765 3215 844 3289 τοὺς
872 3216 1003 3287 αἰῶνας.
1049 3213 1091 3276 οὐ

147 3402 362 3459 8σπουδοίοωοι
384 3405 417 3459 V.
493 3411 526 3459 14
550 3405 645 3467 ὅνιδος
668 3404 748 3458 codd.
823 3411 855 3459 16
880 3401 1008 3473 ἔνγγονοι
1025 3403 1090 3460 Vah.

76 3479 110 3528 25
133 3475 221 3529 verba
249 3473 289 3537 είς
315 3476 379 3537 τοὺς
407 3482 499 3545 γονεῖς
527 3478 605 3530 uncis
628 3475 744 3530 inclusit
766 3475 842 3530 linea
864 3476 1003 3531 subducta
1026 3474 1091 3530 Vat.

79 3549 110 3599 27
131 3547 288 3617 φθείρηται
306 3547 369 3602 Vat.
