2408 3826
467 129 683 244 ης..

63 337 113 412 είς
146 338 263 423 καιρόν
294 360 370 402 τινα
403 336 424 421 ἢ
462 339 509 413 είς
545 337 728 423 άνθρωπόν
760 359 847 420 τινα,
896 334 951 401 καὶ
983 346 1082 402 τοῦτο

64 442 137 508 ε’στι
155 443 304 527 φανερὸν
319 443 382 508 άπὸ
402 444 535 526 τούτου,
555 442 635 528 ὅπερ
654 441 786 526 ἐζήτησε
804 450 869 507 νῦν
886 442 907 525 ἡ
922 443 1084 508 αὐθεντία

63 563 129 613 σου
159 548 301 613 άκοὺσαι
329 548 405 633 περὶ
432 557 491 632 τῆς
509 546 747 635 Σαμοθρᾴκης·
771 557 838 613 ποῦ
860 549 923 634 γάρ
948 551 1083 632 ἤλπιζεν

65 654 84 718 6
114 650 370 741 Ἁλικαρνασεὺς
403 656 605 738 Διονύσιος,
644 656 695 720 ὅτι
727 651 785 738 ἀφ’
821 649 862 720 οὑ
894 656 1015 740 γράψει
1046 657 1083 720 τὸ

64 763 200 844 βιβλίον
222 770 321 826 τοῦτο
345 762 426 847 ὅπερ
446 764 600 848 ἔγραψεν,
625 759 737 846 μέλλει
757 764 862 845 ζητεῖν
880 761 901 844 ἡ
921 760 1084 826 αὐθεντία

64 883 129 931 σου
168 868 248 950 μετά
283 870 411 952 χιλίους
448 870 685 944 πεντακοσίους
714 870 857 952 χρόνους
893 874 1016 953 μαθείν
1052 869 1088 932 τί

65 975 230 1057 διηγεῖται
253 975 300 1050 είς
322 982 420 1039 τοῦτο
444 972 520 1059 περὶ
543 982 601 1058 τῆς
623 971 860 1061 Σαμοθρηίκης.
898 969 969 1038 ἀλλ’
997 974 1085 1057 ὅμως

65 1077 198 1163 ἐγένετο
221 1078 276 1146 καλ
300 1080 380 1165 ὅπερ
406 1083 550 1163 ἔγραψεν
573 1078 699 1157 ἐκεῖνος
718 1077 762 1144 δι’
785 1081 890 1165 άλλην
907 1079 1083 1163 ὑπόθεσιν,

65 1187 149 1271 μετὰ
176 1189 304 1270 χιλίους
330 1187 570 1263 πεντακοσίους
596 1188 740 1270 χρόνους
767 1188 819 1250 ένι
847 1188 1010 1271 χρήσιμον
1038 1188 1085 1263 είς

64 1293 129 1376 την
162 1293 345 1357 αὑθεντίαν
375 1308 453 1375 σου,
487 1292 543 1357 ἵνα
575 1291 687 1378 μάθης
720 1314 753 1356 τι
779 1289 855 1377 περὶ
878 1300 938 1356 τοῦ
965 1295 1084 1376 νησίον
1106 1307 1138 1356 10

64 1399 191 1464 τούτου
215 1399 383 1485 ἱστορικὸν
407 1396 462 1463 καὶ
485 1398 631 1483 άρχαίον.
669 1407 767 1463 τοῦτο
792 1394 829 1463 ὑὲ
851 1401 901 1482 γί-
925 1426 963 1481 χρ,
977 1425 1013 1472 312
1026 1424 1137 1483 mmm

65 1528 160 1570 νεται
187 1506 244 1570 διά
270 1506 332 1588 τὴν
360 1505 531 1589 ἀπόφασιν
557 1513 614 1587 τῆς
642 1503 737 1586 ἁγίας
759 1512 900 1590 γραφῆς,
926 1496 1028 1585 γραφὴν
1048 1497 1139 1585 πάντα(

65 1612 139 1694 ἥτις
172 1609 260 1693 λέγει
292 1611 343 1675 ὅτι
372 1605 461 1675 είὺεν
489 1609 507 1674 6
535 1612 614 1686 θεὸς
636 1610 676 1674 τά
703 1609 810 1674 πάντα
840 1610 902 1675 ὅσα
925 1568 981 1693 ὑῖὑς
999 1572 1140 1685 ἒὺὑὺησὺὑκὺ

65 1717 238 1799 ἐποίησεν,
278 1713 334 1780 καὶ
376 1717 451 1781 ἰδοὺ
493 1717 576 1781 καλά
617 1718 702 1781 λίαν.
756 1717 797 1779 τά
836 1716 900 1800 γὰρ
923 1713 980 1795 Μῖνι
998 1711 1037 1755 ²³²
1055 1710 1088 1825 ’ὲ
1101 1709 1140 1826 δθχ

65 1824 243 1908 πράγματα
256 1823 363 1887 πάντα
377 1831 438 1887 τοῦ
452 1826 579 1907 κόσμου
593 1828 664 1888 εἴτι
674 1823 738 1907 άρα
751 1820 901 1906 ὑπάρχει,
923 1794 1088 1914 {mam}
1100 1797 1142 1897 ”⁴0²2

31 1966 37 1970 -
65 1931 107 1994 τά
140 1930 249 1994 πάντα
284 1928 472 2014 ὑπάρχουσι
507 1930 600 1994 καλά.
646 1927 729 1993 άλλά
765 1929 805 1993 τά
841 1925 902 2013 μὲν
998 1919 1066 1982 ‘³²9²‘ss-

65 2033 213 2101 πάντοτέ
238 2036 302 2099 είσι
330 2036 475 2120 χρήσιμα
502 2032 558 2100 καὶ
580 2035 664 2099 καλά
687 2032 743 2099 καὶ
770 2034 947 2118 ἀναγκαία,
976 2035 1086 2119 ὥσπερ

66 2144 106 2206 τὸ
135 2151 207 2225 φῶς
235 2137 278 2205 ὑί
311 2135 352 2205 οὑ
380 2140 545 2224 βλέπομεν
572 2138 627 2205 καὶ
655 2140 673 2205 6
703 2140 766 2225 άηρ
798 2140 838 2204 ὃν
867 2139 1084 2225 ἀναπνέομεν,

66 2255 173 2312 ταῦτα
196 2248 260 2334 γάρ
282 2248 423 2312 πάντοτε
443 2249 587 2332 χρήσιμα
606 2244 661 2311 καὶ
679 2247 779 2312 καλά·
801 2247 841 2311 τά
861 2243 898 2312 δὲ
915 2246 1087 2332 ὑπάρχωσι

67 2355 153 2418 καλά
176 2351 231 2418 καὶ
258 2356 401 2439 χρήσιμα
431 2352 452 2437 ἢ
475 2353 558 2439 πρὸς
580 2353 697 2438 καιρὸν
720 2351 741 2436 ἢ
769 2354 851 2438 πρὸς
873 2355 987 2437 χρείαν
1010 2353 1085 2416 τινά
1105 2369 1140 2418 20

67 2458 90 2542 ἢ
113 2462 197 2546 πρός
219 2483 312 2537 τινας
335 2461 444 2545 ὥσπερ
468 2460 504 2524 oc
524 2461 626 2544 ὄφεις.
667 2458 708 2524 οὐ
731 2460 796 2544 γάρ
819 2459 960 2524 πάντοτε
982 2458 1087 2545 ὑπάρ-

68 2580 174 2649 χωσιν
198 2561 291 2631 οὗτοι
318 2567 428 2648 καλοί,
457 2562 531 2630 ἀλλ’
558 2566 638 2630 ὅταν
662 2565 879 2642 σκευάζουσιν
909 2564 1031 2640 αὐτοὺς
1054 2565 1089 2628 οί

70 2669 179 2756 ίατρολ
212 2673 376 2757 θηριακάς
409 2671 620 2754 άντιὺότους,
657 2671 713 2736 ἵνα
749 2671 962 2756 θεραπεύωσι
992 2671 1085 2752 πάθη

70 2775 128 2843 καὶ
151 2781 321 2862 νοσήματα
343 2773 387 2842 δι’
410 2777 521 2842 αὐτῶν
538 2775 593 2842 καὶ
613 2778 693 2843 ὅταν
711 2777 998 2862 παρακελεάωνται
1017 2785 1087 2853 τοῖς

70 2884 265 2969 ἀνθρώποις
293 2881 422 2948 ἐσθίειν
450 2882 505 2949 καλ
533 2885 673 2967 τρώγειν
701 2883 823 2959 αὐτοὺς
846 2885 893 2959 είς
915 2882 1007 2966 πάθη
1032 2906 1087 2966 με-

70 2989 156 3072 γάλα
197 2986 253 3054 καὶ
291 2992 462 3074 νοσήματα
503 2990 766 3073 ὑυσθεράπευτα.
821 2987 891 3054 ἐπεὶ
927 2998 1011 3073 γοῦν
1047 2990 1087 3052 τά

70 3098 231 3179 κτίσματα
249 3104 308 3159 τοῦ
328 3103 414 3160 θεοῦ
433 3094 487 3161 καὶ
505 3097 545 3160 τά
564 3097 751 3179 φαινόμενα
771 3097 917 3179 άχρηστα
935 3094 990 3161 καὶ
1004 3096 1087 3159 κακά

70 3201 245 3286 ὑπάρχωσι
257 3204 400 3287 χρήσιμα
419 3199 474 3267 καὶ
492 3201 604 3285 άγαθά
624 3201 660 3266 ἐν
679 3208 782 3288 καιρῷ
802 3200 958 3285 καὶπρὸς
975 3203 1087 3284 χρείας

70 3307 174 3389 τινάς,
193 3304 249 3371 καὶ
267 3308 306 3371 τά
326 3310 405 3391 ἔργα
425 3319 492 3372 τῶν
510 3307 696 3392 κτισμάτων
714 3315 776 3371 τοῦ
794 3313 879 3371 θεοῦ
899 3306 1086 3388 ἀναγκαίως

146 3470 187 3518 10.
205 3470 234 3517 11
251 3472 300 3518 τοῦ
315 3465 413 3532 νησίον
423 3484 472 3518 του
484 3464 563 3518 codd.
615 3469 646 3517 13
663 3462 703 3519 Of.
720 3463 816 3518 Genea.
833 3469 856 3531 1,
872 3468 915 3517 31.
966 3463 1020 3521 ις’.
1035 3462 1086 3531 τὴν

72 3533 159 3604 ἁγίαν
177 3534 290 3605 γραφὴν
309 3534 343 3590 V.
