2408 3826
487 207 707 272 ..37-

86 367 176 431 διότι
209 365 270 430 οὐκ
301 362 446 449 ἠθέλησε
478 373 688 453 χωρισθῆναι
719 377 787 432 τῶν
817 366 973 452 ἀδελφῶν
1006 366 1106 450 αὐτῆς

84 483 154 538 τῶν
178 471 211 551 ἓξ
240 472 286 549 είς
315 473 374 537 τὸν
405 472 561 558 οὐρανόν.
606 475 748 560 ὕστερον
777 469 814 539 δέ
842 473 954 556 ἐπειδὴ
979 475 1105 558 ἔμαθεν

84 580 177 664 παρὰ
200 587 260 644 τοῦ
278 581 362 655 Διὸς
385 578 405 662 η
426 576 598 665 Ἠλέκτρα,
621 581 672 646 ὅτι
695 580 715 664 η
739 583 835 657 πόλις
857 590 915 664 της
936 580 1105 664 Τρωάδος,

86 686 159 770 ἥτις
182 685 318 769 ἐκτίσθη
342 685 408 751 ὑπὸ
431 697 499 751 τῶν
523 687 700 770 ἀπογόνων
729 686 829 771 αὐτῆς
851 695 909 770 της
927 684 1106 768 Ἠλέκτρας

85 792 203 868 καθὼς
232 791 395 876 μέλλομεν
425 794 530 858 εἰπεῖν
558 796 830 877 παρακατιόντες,
863 791 973 878 μέλλει
1006 798 1104 877 χαλα-

85 905 213 982 σθῆναι
245 896 300 975 καὶ
333 901 639 984 αίχμαλωτισθῆνατ
672 900 737 965 ὑπὸ
770 903 892 965 στύλον
929 898 1105 983 έλληνικοῦ

86 1006 145 1069 διδ
168 1005 229 1088 τὴν
248 1002 385 1089 Ἑλένην
408 1013 470 1071 τοῦ
493 1007 683 1090 Μενελάου,
707 1007 763 1072 ἵνα
787 1007 830 1090 μὴ
856 1007 910 1092 ίδη
933 1008 971 1071 τὸ
995 1006 1105 1082 πάθος

83 1121 185 1178 τοῦτο
215 1110 279 1177 ἀπὸ
302 1121 363 1177 τοῦ
385 1114 491 1178 τόπον
518 1122 579 1178 τοῦ
602 1113 735 1196 ὑψηλοῦ
763 1122 823 1178 τοῦ
847 1113 995 1198 ούρανοῦ
1019 1115 1104 1177 ἔνθα

86 1219 201 1284 ’ίστατο
224 1219 305 1304 μετά
326 1229 394 1284 τῶν
419 1219 576 1305 ἀδελφῶν
600 1220 711 1304 αὐτῆς,
736 1219 864 1304 ἀφῆκεν
882 1221 940 1296 τὰς
959 1219 1105 1302 ἀδελφάς
1124 1237 1139 1286 9

84 1325 189 1410 αὐτῆς
224 1324 278 1391 καλ
316 1329 427 1411 ἔφυγε.
478 1325 659 1411 ὑπέμειναν
696 1336 780 1409 γοῦν
817 1327 854 1392 αί
887 1325 991 1405 ἓξειέ·
1018 1335 1052 1384 ἵε
1075 1335 1099 1383 τέ
1125 1341 1160 1382 έα·

86 1430 229 1516 ἀδελφαὶ
261 1431 316 1498 καὶ
348 1431 509 1518 μένουσιν
539 1435 586 1510 είς
612 1435 671 1498 τὸν
700 1433 846 1519 ούρανὸν
875 1427 957 1510 69⁷
943 1409 1014 1495 γμῗῗό
1016 1407 1106 1460 Μ
1094 1422 1159 1454 ‘¹²⁶'

905 1458 1009 1543 ςονὴρ
1026 1481 1106 1525 καολπ
1108 1483 1159 1526 ναλί

84 1542 146 1605 τὸν
169 1537 319 1605 τύπον“
301 1563 342 1605 ον
371 1538 535 1623 ἐτέθησαν
564 1539 638 1619 έξ’
621 1549 721 1625 αρχῆς
749 1542 837 1624 παρὰ
860 1549 921 1605 τοῦ
943 1551 1031 1608 λέκααι
1045 1554 1160 1609 αἱθιαα·

84 1649 187 1730 Διός,
220 1643 342 1723 αἵτινές
371 1647 435 1711 είσι
458 1647 496 1711 τδ
524 1649 706 1731 λεγόμενον
734 1645 919 1732 ἑξάστερον,
943 1622 1062 1745 ’ἶς’
1042 1622 1149 1668 ΜΨ
1149 1648 1159 1658 “

87 1753 170 1839 ὅπερ
198 1752 326 1838 λέγεται
358 1751 413 1818 καὶ
445 1754 590 1837 πελειάς,
624 1752 642 1819 6
674 1751 729 1818 καὶ
763 1756 921 1839 βαρβαρί-
979 1762 1020 1809 v'v

87 1864 199 1940 ζοντες
227 1861 262 1926 oc
286 1858 395 1926 κοινοὶ
427 1862 607 1946 ἀνθρωποι
633 1859 772 1945 λέγουσιΙ
801 1862 952 1926 πονλίαν.
998 1781 1064 1924 κάδ
1067 1769 1119 1924 6

1067 1692 1146 1809 &uait

86 1964 149 2052 μὲν
172 1966 247 2054 περὶ
275 1979 342 2034 τῶν
371 1968 542 2054 Πληάδων
569 1978 637 2033 τῶν
665 1967 822 2053 ἀδελφῶν
849 1976 907 2051 τῆς
926 1963 1105 2052 Ἠλέκτρας

86 2075 198 2158 μῦθός
222 2073 312 2140 ἐστιν
335 2069 444 2157 οὗτος,
469 2073 567 2157 ἐτέθη
592 2071 628 2139 δὲ
648 2075 704 2139 διά
722 2075 899 2158 εὐθυμίαν.
928 2072 1104 2157 έπανερχύ-
1125 2088 1157 2137 17

86 2187 176 2265 μεθα
200 2176 237 2245 δέ
260 2181 348 2265 ὅμως
371 2183 417 2258 είς
440 2182 541 2265 την
526 2185 683 2267 ιστοριᾝαν
713 2177 817 2247 ὁοῦν
837 2183 920 2256 Ζεὺς
942 2190 991 2248 ας’
1023 2209 1073 2248 τινα
1051 2194 1158 2248 ααααλνέ

81 2287 133 2369 ,ὡς
165 2291 366 2373 προείπομεν
398 2285 504 2372 μιγεὶς
541 2290 621 2372 μετὰ
657 2297 715 2372 τῆς
743 2285 997 2378 Ἠλέκτραςκαὶ
957 2274 998 2308 '⁰¹’
987 2264 1057 2305 A⁰¹
1035 2260 1144 2378 3⁹⁰5ss
1104 2277 1144 2346 ’ἶυ

84 2402 144 2478 τῆς
175 2396 344 2481 θυγατρὸς
376 2404 436 2461 τοῦ
460 2394 639 2472 ’Ἁτλαντος
666 2403 727 2460 τοῦ
758 2391 919 2478 βασιλέως
990 2335 1144 2450 ²616&

85 2508 146 2584 τῆς
173 2495 346 2585 Ἀρκαδίας
372 2509 476 2588 γεννᾷ
501 2500 533 2580 ἐξ
563 2501 663 2586 αὐτῆς
686 2503 748 2567 δύο
771 2501 882 2584 νίούς,
910 2501 969 2565 τὸν
988 2497 1104 2563 Ἴασον

86 2604 144 2672 καὶ
166 2609 225 2672 τὸν
243 2606 435 2692 Δάρδανον.
482 2607 499 2673 6
518 2617 603 2692 γοῦν
616 2607 728 2685 Ἴασος
751 2608 812 2672 οὐκ
835 2610 932 2690 ἔλαβε
950 2615 1103 2689 γυναῖκα,

86 2711 160 2779 ἀλλ’
193 2713 286 2798 έτίμα
315 2711 369 2778 καὶ
398 2713 558 2799 ἐφύλαττε
585 2715 647 2797 τὴν
674 2717 879 2796 παρθενίαν,
911 2713 928 2778 6
953 2707 990 2775 δὲ
1013 2710 1105 2792 Δάρ-

87 2822 191 2896 δανος
210 2822 305 2904 ἔλαβε
323 2831 466 2903 γυναῖκα
484 2818 655 2906 θυγατέρα
674 2818 749 2896 ἑνὸς
772 2820 932 2904 ἀρχοντος
951 2817 1105 2882 Πάλλαν-

86 2948 144 3005 τος
173 2925 355 3011 λεγομένου
383 2927 522 3011 ὀνύματι
551 2927 697 3013 Χρύσην.
744 2926 780 2991 ἐκ
808 2926 929 3008 ταύτης
959 2918 1021 2989 οὖν
1048 2933 1107 3008 τῆς

87 3032 225 3116 Χρύσης
246 3040 349 3120 γεννᾷ
374 3032 391 3097 6
415 3034 595 3117 Δάρδανος
619 3033 681 3097 δύο
704 3032 810 3112 υἱούς,
834 3033 893 3096 τὸν
913 3029 1036 3096 Ἰδαῖον
1051 3029 1106 3095 καὶ

86 3141 147 3205 τὸν
171 3142 350 3223 Δείμαντα.
392 3139 410 3205 6
429 3138 541 3217 Ἴασος
563 3149 648 3222 γοῦν
671 3136 725 3204 καὶ
749 3137 766 3202 6
793 3138 971 3223 Δάρδανος
994 3134 1049 3201 καὶ
1074 3138 1109 3200 οἱ

88 3248 151 3312 δύο
186 3243 327 3330 ἀδελφοὶ
360 3246 377 3311 6
414 3242 534 3323 Ἰδαῖος
570 3244 625 3311 καὶ
659 3245 676 3310 ὁ
709 3247 836 3329 Δείμας
869 3245 904 3308 οί
937 3242 1005 3308 οἷοὶ
1046 3251 1106 3306 τοῦ

87 3353 275 3436 Δαρδάνου
308 3351 540 3430 ἀποθανόντος
567 3362 627 3418 τοῦ
647 3351 828 3428 ’Ἀτλαντος
854 3360 914 3416 τοῦ
945 3346 1107 3433 βασιλέως

161 3508 338 3581 ὂμέλλοομεν
356 3510 420 3566 vat.
512 3531 566 3581 με.
586 3509 635 3565 καὶ
653 3526 742 3580 φεοα
724 3506 836 3563 asVat.
928 3515 961 3563 22
982 3503 1032 3561 οὖν
1056 3522 1107 3574 pro

87 3591 159 3654 γοῦν
178 3583 211 3639 V.
285 3587 319 3635 24
337 3581 479 3645 πάλαντος
498 3583 577 3639 codd.
651 3587 686 3637 28
706 3580 799 3654 δήμοις
818 3581 905 3638 οοδδ
