2408 3826
478 179 675 243 -3'-

64 334 260 420 γνωσμένος
286 335 342 403 καὶ
369 337 566 423 ἀπρόθυμος
593 338 641 414 είς
666 338 707 403 τά
735 346 872 403 τοιαῦτα
899 338 1083 423 πράγματα,

64 443 176 527 ὥσπερ
198 441 472 526 άνεζιοοποιηθην
495 440 550 507 καὶ
574 441 850 528 ἐθαρσοποιήθην
868 441 923 509 καὶ
942 442 1084 529 ἀνέστην

64 547 130 613 άπὸ
161 558 220 633 τῆς
252 549 404 633 ἀμελείας
435 546 490 613 καὶ
523 548 691 635 ῥᾳθυμίας
722 549 764 632 ἣν
797 544 897 634 εἶχον.
920 561 950 606 α’.
965 564 988 607 τί
1002 577 1059 622 φησι
1073 561 1137 608 Πλά-

64 649 159 720 εἷὸον
181 657 244 741 γάρ
269 658 370 739 λόγον
397 656 472 720 τινά
500 664 562 720 τοῦ
585 664 695 739 σοφοῦ
719 655 900 732 Πλάτωνος
921 634 1055 763 {affl
1072 638 1137 767 Ξὲλσῗ

64 760 129 825 άπὸ
159 760 281 845 μέρους
302 763 483 845 γινόμενον
511 758 566 827 καὶ
593 763 827 846 πληρούμενον
854 762 901 837 είς
999 774 1064 824 ιεωι.

63 868 127 951 τὴν
152 868 334 933 αὐθεντίαν
358 885 429 933 σου.
477 870 567 951 ἔλεγε
594 869 658 953 γάρ
687 868 812 946 ἐκεῖνος
840 869 891 933 ὅτι
913 871 986 934 τότε
1009 868 1084 953 μέλ-

63 979 184 1040 λουσιν
213 969 300 1040 είναι
325 976 366 1039 τά
392 975 568 1060 πράγματα
599 975 706 1057 πάσης
732 977 859 1051 πόλεως
891 972 946 1039 καὶ
971 975 1084 1058 πάσης

62 1083 233 1158 πολιτείας
254 1083 338 1146 καλά
359 1079 415 1145 καὶ
438 1081 621 1166 θαυμάσια,
645 1081 725 1146 ὅταν
748 1081 769 1164 ἢ
793 1082 830 1145 οί
850 1083 998 1162 βασιλεῖς
1015 1093 1083 1147 τῶν

61 1190 195 1252 πόλεων
232 1187 367 1252 ἐκείνων
404 1180 682 1273 φιλοσοφησωσιν
723 1187 743 1270 ἣ
783 1187 863 1252 ὅταν
899 1190 1082 1273 φιλόσοφοι

62 1295 241 1378 άνθριοποι
267 1293 527 1377 βασιλεύσουσιν
555 1292 593 1358 έν
621 1292 712 1377 αὐτῇ.
757 1294 795 1357 τὸ
820 1288 858 1358 δὲ
881 1298 1081 1379 φιλοσοφεῖν
1102 1313 1135 1361 10

63 1397 164 1464 οὐδὲν
188 1401 269 1464 ἄλλο
293 1396 383 1476 ἐστὶν
410 1399 500 1484 παρά
528 1400 565 1462 τὸ
594 1404 706 1482 φιλεῖν
733 1399 841 1482 ὐγουν
864 1399 995 1481 άγαπῖιν
1018 1402 1080 1485 τὴν

62 1507 201 1590 σοφίαν·
231 1505 251 1589 ἡ
279 1507 342 1591 γάρ
371 1508 467 1589 φιλία
493 1513 551 1589 τῆς
578 1507 698 1589 σοφίας
730 1504 858 1587 λέγεται
886 1510 1079 1590 φιλοσοφία.

61 1616 210 1695 βασιλεῖς
241 1609 278 1676 δὲ
306 1615 421 1694 ἔλεγον
452 1610 489 1676 οί
517 1608 652 1675 παλαιοὶ
683 1609 723 1674 οὐ
755 1613 834 1686 τούς
862 1609 1080 1696 ίστεμμένους

62 1722 210 1802 βασιλεῖς
233 1719 342 1803 ὥσπερ
364 1717 467 1802 ἡμεῖς,
495 1754 533 1764 -
559 1726 662 1782 ταῦτα
680 1717 744 1801 γάρ
763 1714 919 1800 ἐγίνοντο
937 1718 1080 1803 ὐστερον

60 1863 106 1872 -
133 1825 217 1890 άλλά
246 1827 392 1909 βασιλεῖς
419 1826 536 1908 ἔλεγον
562 1823 688 1900 πάντας
719 1827 798 1900 τοὺς
830 1821 996 1899 αὐθέντας
1024 1824 1080 1889 καὶ

60 1933 140 2008 τούς
172 1933 335 2016 άρχοντας
371 1929 511 1996 ἑκάστου
547 1932 652 1994 τόπου
684 1928 704 2013 ἢ
741 1932 869 2006 πόλεως
905 1929 926 2013 ἣ
962 1929 1079 2014 χώρας.

61 2039 238 2122 συμβαίνει
260 2046 345 2120 γοῦν
368 2037 386 2102 ὁ
410 2039 509 2119 λόγος
535 2045 596 2102 τοῦ
620 2035 802 2112 Πλάτωνος
831 2035 959 2120 ἀληθὴς
982 2030 1079 2120 εἶναι,

60 2145 112 2208 ὅτι
130 2146 204 2208 τότε
223 2145 357 2228 ἔχουσιν
375 2143 416 2206 τά
434 2143 610 2228 πράγματα
628 2141 734 2224 πάσης
751 2143 861 2226 χώρας
879 2138 936 2206 καὶ
952 2145 1079 2219 πόλεως

59 2254 179 2332 καλῶς,
199 2249 279 2314 όταν
297 2249 316 2314 ὁ
335 2247 503 2330 αὐθέντης
521 2248 542 2331 ὐ
562 2247 580 2313 ό
599 2249 710 2332 άρχων
728 2255 789 2311 τοῦ
810 2249 916 2312 τόπου
938 2247 1079 2333 ὑπάρχει

60 2357 167 2440 σοφὸς
189 2355 210 2440 ἣ
234 2355 344 2442 ἀγαπᾷ
366 2355 428 2438 τὴν
458 2357 583 2438 σοφίαν
610 2351 665 2418 καὶ
692 2355 771 2429 τοὺς
801 2354 931 2437 σοφοὺς
957 2356 1078 2437 λόγους
1096 2372 1131 2420 20

59 2460 124 2526 άπὸ
142 2470 203 2526 τοῦ
221 2461 411 2547 πράγματος
429 2461 560 2525 τούτου.
588 2458 706 2536 ὁθεός
724 2458 794 2524 ἐστι
811 2460 893 2525 κατά
915 2469 1001 2588 μὲι
989 2470 1024 2517 ῖιτ

60 2567 166 2652 φύσιν
188 2570 292 2651 μόνος
313 2565 368 2632 καὶ
396 2566 559 2649 ἀληθινὸς
581 2567 693 2650 άρχον
719 2563 774 2631 καὶ
798 2555 957 2647 βασι-ωυ
914 2617 1008 2673 flamm
971 2544 1075 2665 Μ’
1076 2491 1131 2673 ιΞιΞ

58 2676 135 2750 λεύς
158 2671 213 2737 καὶ
237 2671 403 2755 αὐθέντης
425 2681 485 2737 τοῦ
508 2674 636 2756 κόσμου
654 2674 785 2749 παντός.
817 2671 893 2736 τοό-
1000 2687 1047 2741 τῆς

57 2802 119 2844 τον
147 2788 209 2844 τοῦ
232 2786 316 2844 θεοῦ
340 2780 425 2843 εἰσιν
448 2779 573 2854 εἰκόνες
596 2774 650 2842 καὶ
674 2776 865 2861 ὁμοιώματα
884 2774 940 2841 καὶ
963 2777 1077 2861 ἔχουσι

57 2886 118 2949 τὸν
149 2887 254 2950 τόπον
287 2884 390 2949 αὐτοῦ
428 2881 482 2948 ἐπὶ
516 2891 574 2966 της
609 2891 669 2965 γῆς
706 2883 741 2946 οί
775 2884 924 2965 βασιλεῖς
955 2880 1010 2946 καὶ
1044 2884 1079 2947 οί

58 2989 221 3056 αὐθένται
257 2987 312 3055 καὶ
349 2991 385 3054 οί
417 2990 575 3074 ἄρχοντες
610 2996 671 3052 τοῦ
710 2990 847 3071 κόσμου.
897 2998 955 3072 τῆς
991 2997 1076 3071 γοῦν

57 3098 188 3174 εἰκόνος
219 3098 257 3160 τὸ
289 3096 465 3160 κάλλιστον
497 3092 552 3160 καὶ
584 3093 843 3178 ἀναγκαιότερόν
876 3093 981 3176 ἐστιν,
1020 3095 1076 3158 ἵνα

56 3204 189 3288 ὐπάρχη
212 3203 294 3266 κατὰ
317 3201 424 3267 πάντα
448 3201 547 3285 ὁμοία
573 3198 629 3266 καὶ
651 3200 901 3285 ἀπαράλλακτος
924 3202 1075 3265 καθόσον

57 3312 110 3375 ἔνι
134 3310 280 3374 δυνατὸν
306 3310 390 3395 πρὸς
417 3308 524 3372 έκεῖνο
553 3302 684 3383 οὗτινός
712 3304 862 3372 έστινί
830 3307 943 3387 είκόινς
968 3306 1074 3385 ἤγουν

125 3471 163 3518 17
178 3465 212 3517 άί
213 3468 296 3532 ηθεις
313 3465 395 3521 codd.
452 3473 497 3526 21,
516 3473 554 3524 22
579 3489 681 3540 καταφ
684 3466 751 3523 ὐσιν
770 3465 813 3520 V
883 3466 926 3515 ‘hb
945 3455 1040 3509 πότων
1055 3461 1126 3497 *m

43 3536 96 3587 πελ
120 3534 147 3589 V.
168 3535 252 3591 solus
336 3543 371 3593 26
393 3539 601 3609 avffle'vvecV.
624 3542 719 3601 som
797 3542 834 3592 Ἦ
860 3530 1007 3587 mmm
1022 3519 1071 3568 ’ἢ

887 3621 923 3672 ᾖ·
