2408 3826
447 203 689 258 ...XIX-

56 352 191 439 quidem
210 352 295 438 quod
313 352 360 418 ibi
379 352 531 438 leguntur
551 375 632 439 quae
651 355 819 420 desuntdn
833 352 876 419 V.
889 354 941 433 16,
959 353 1074 420 1213.

58 461 114 545 32,
130 461 157 524 1.
172 460 203 524 2.
226 459 279 544 57,
296 461 345 526 17.
362 460 412 525 18.
436 458 580 535 Quorum
594 461 740 527 locorum
753 461 877 545 priores
893 461 921 525 si
935 461 1075 526 scribom

57 566 308 650 interpolavisse
323 566 395 650 quis
409 567 581 650 putaverit,
599 571 710 631 tamen
723 565 785 632 hoo
798 587 865 631 non
878 568 966 633 eadit
980 568 1013 632 in
1028 569 1074 633 lo·

56 694 134 738 oum
151 672 205 756 57,
225 673 276 738 17.
298 673 353 756 18,
374 672 431 736 ubi
443 672 543 737 verba
557 673 591 737 in
605 671 637 736 V
651 673 773 738 omisso
787 673 827 738 ad
842 694 973 739 sensum
987 677 1076 738 reete
1162 683 1166 692 '

60 778 316 864 intellegendum
346 782 422 843 sunt
449 780 639 846 necessaria„
684 777 810 844 Deinde
837 780 991 846 rectiores
1014 781 1075 845 leo-

56 885 166 949 tiones
191 884 337 968 pluribus
365 885 445 949 locis
475 885 626 951 exhibere
648 884 846 952 Vaticanum
876 909 915 951 ex
943 886 1075 951 adnoto·
1105 937 1107 941 .

58 993 149 1056 tione
171 990 285 1057 oritiou
302 991 450 1076 intellegi
472 992 602 1077 poterit.
648 991 850 1059 Oonieoturis
873 993 1001 1078 parcius
1026 993 1075 1058 in-

55 1095 180 1185 dulsi¹)
207 1097 294 1164 haud
322 1098 456 1182 ignarus
485 1098 519 1163 in
547 1100 606 1164 tali
634 1101 792 1184 scriptore
820 1099 979 1165 offendere
1008 1121 1077 1163 non

59 1225 156 1290 posse
179 1227 262 1289 quae
285 1204 523 1270 dubitationem
546 1210 698 1272 moveant
722 1207 757 1271 in
780 1209 910 1272 auctore
934 1205 1076 1289 antiqui-

54 1311 150 1377 tatis.
195 1312 396 1376 Aoeentuum
419 1317 453 1377 et
476 1312 648 1399 spirituum
677 1312 771 1397 signa
794 1313 1076 1397 subscriptumque

42 1418 128 1482 11010
142 1416 228 1504 quod
241 1416 332 1482 deest
345 1419 533 1504 plerumque
555 1420 654 1485 tacite
674 1419 799 1484 correxi
816 1418 960 1504 itemque
977 1419 1077 1484 verbu

59 1528 147 1589 reete
171 1523 302 1608 digessi,
327 1524 506 1608 scripturae
524 1524 739 1609 proprietates
760 1546 799 1590 ex
816 1524 965 1591 itacismo
985 1528 1073 1590 ortas

61 1630 195 1714 mutavi,
217 1631 373 1695 usitatam
392 1631 562 1696 lectionem
587 1630 732 1715 restitui,
755 1631 897 1716 priorem
919 1632 954 1698 in
978 1655 1076 1718 appe-

61 1739 137 1802 rotu
161 1735 323 1804 adnotavi.

149 1841 299 1910 Oodioom
315 1843 456 1910 Vindob.
475 1846 546 1931 ipse
562 1845 716 1930 descripsi
739 1849 772 1910 et
792 1867 864 1910 eum
879 1843 1073 1909 Taurinensi
1108 1857 1110 1861 '

54 1951 259 2035 comparavi,
282 1951 426 2017 codicum
445 1951 668 2018 Parisinorum
691 1952 900 2017 collationem
923 1949 1074 2017 Riooerdi

57 2057 279 2122 Reitzenstein
306 2056 575 2124 Vrotislaviensis
608 2059 709 2124 debeo
741 2058 952 2142 humanitati,
981 2055 1073 2122 Voti-

56 2186 174 2229 oanum
198 2163 443 2249 diligentissime
468 2167 615 2230 exaravit
636 2164 774 2230 Ioannes
794 2163 971 2248 Tsehiedel,
995 2187 1074 2249 quo·

58 2293 132 2334 rum
154 2272 283 2356 utrique
305 2270 368 2337 hoo
391 2292 518 2357 quoque
541 2272 614 2338 loeo
638 2271 765 2336 debitas
791 2291 852 2356 ago
876 2271 1009 2356 gratias.

132 2519 157 2586 1)
179 2523 220 2586 13,
241 2522 282 2571 10.
299 2522 331 2571 11
351 2516 451 2586 seripsi
468 2521 518 2572 τοῦ
538 2517 637 2585 νησίον
651 2512 752 2571 τούτου
766 2532 817 2586 pro
832 2515 881 2571 τοῦ
896 2517 996 2586 νησίον
1012 2533 1069 2581 τον,

57 2593 104 2655 27,
123 2594 158 2642 30
177 2583 220 2643 ὅτι
238 2586 373 2658 τοιαύτην
392 2604 443 2657 pro
462 2584 477 2642 ὁ
497 2585 637 2656 τοιαύτην.
