2408 3826
465 184 682 249 ..25-

65 343 195 425 αὐτοῖς,
223 340 279 408 καὶ
303 343 461 428 δεύτερον
484 343 540 407 διὰ
561 343 624 426 τήν
648 339 812 426 ὠφέλειαν
838 340 894 407 καὶ
920 343 981 426 τήν
1003 364 1082 428 προ-

65 450 176 534 κοπήν
198 459 266 514 τῶν
288 450 369 532 μετὰ
395 445 576 514 ταῦτακαὶ
600 450 647 525 είς
669 451 747 525 τοὺς
771 448 913 535 ὕστερον
940 451 1084 534 χρόνους

64 555 259 640 γενομένων
283 555 483 641 ἀνθρώπων.
524 555 560 620 οί
575 556 639 641 γὰρ
658 556 835 640 ἅνθρωποι
854 555 889 620 οί
909 553 1084 640 μέλλοντες

66 659 228 745 γενέσθαι
250 661 429 747 βλέποντες
452 663 499 738 είς
521 662 583 745 τήν
607 661 757 748 ἱστορίαν
780 662 915 745 ταύτην,
938 658 1084 727 ποδαποὶ

68 770 248 854 ἅνθρωποι
279 764 366 852 ήσαν
401 768 436 834 οί
464 771 626 854 πρόγονοι
659 769 770 833 αὐτῶν
801 765 857 833 καὶ
893 770 940 845 είς
975 770 1084 851 πόσην

67 874 249 960 εὐημερίαν
271 873 327 940 καὶ
350 874 452 952 δόξαν
473 870 584 958 ήλθον
607 875 663 939 διὰ
686 876 748 958 τήν
769 876 936 959 φρόνησιν
953 872 1009 940 καλ
1027 875 1085 950 τὰς

70 981 189 1068 αἰρετδις
206 979 263 1046 τιαλ
281 981 321 1046 τδι
338 983 568 1067 προτερήματα
583 981 679 1046 ἅτινα
694 976 795 1065 εἶχον,
815 984 1014 1066 μιμήσονται
1029 978 1085 1045 καὶ

65 1084 164 1152 αὐτοὶ
177 1088 257 1164 τοὺς
269 1089 458 1172 προγόνους
477 1086 588 1151 αὐτῶν
606 1083 661 1151 καλ
680 1087 911 1152 σπουδάσουσι
924 1087 1084 1170 γενέσθαι

67 1193 153 1259 ὅσον
182 1194 329 1258 δυνατὸν
359 1193 469 1278 ὅμοιοι
492 1193 631 1270 ἐκείνοις
652 1191 709 1259 καὶ
731 1194 818 1271 όίξιοι
847 1201 905 1276 τής
926 1194 1086 1278 πατρίδος

65 1296 258 1366 αὐτῶνκαὶ
281 1307 341 1363 τοῦ
363 1297 483 1382 γένους
505 1299 624 1365 αὐτῶν.
669 1297 725 1365 καὶ
749 1299 807 1364 ἐὰν
833 1298 996 1383 γένωνται
1019 1323 1084 1365 τοι·
1105 1314 1140 1362 10

68 1414 175 1488 οῦτοι,
199 1403 364 1489 μέλλωσιν
387 1407 475 1488 ἔχειν
496 1403 553 1470 καὶ
575 1407 637 1489 τήν
660 1404 834 1490 εὐμένειαν
851 1404 907 1470 καί
925 1406 986 1489 τήν
1004 1409 1085 1490 πρό-

66 1535 169 1577 νοιαν
197 1509 253 1576 καλ
282 1511 344 1593 τήν
371 1514 583 1595 προμήθειαν
609 1521 677 1576 τῶν
705 1517 798 1576 θεῶν
826 1513 939 1589 καθὼς
970 1510 1025 1577 καὶ
1053 1512 1089 1577 οί

64 1618 230 1702 πρόγονοι
253 1614 442 1681 αὐτῶνκαὶ
466 1616 507 1681 οὐ
529 1617 573 1701 μή
598 1614 756 1695 δόξουσιν
784 1619 831 1693 είς
852 1620 930 1693 τοὺς
954 1617 1087 1702 ἀνθρώ-

64 1745 154 1799 πους
183 1723 294 1807 όλτιμοι
321 1719 376 1786 καλ
404 1732 637 1808 μικροπρεπεῖς
665 1721 721 1787 καὶ
748 1723 879 1799 ’όνειδος
905 1720 959 1786 καὶ
989 1724 1086 1809 ὕβρις

65 1838 139 1894 τῶν
169 1826 322 1915 πατέρων
354 1826 410 1894 καλ
442 1840 510 1894 τῶν
541 1828 684 1894 ποίππων
715 1826 770 1893 καὶ
805 1839 874 1894 τῶν
909 1831 1087 1914 προγόνων

66 1934 181 2005 αὐτῶν
213 1933 268 2000 καλ
297 1935 382 2012 ὅλως
413 1934 541 2012 ἀνάξιοι
571 1933 731 2017 λέγεσθαι
757 1936 873 2012 παῖδες
904 1935 924 2019 ή
953 1937 1087 2018 ἔγγονοι

67 2042 236 2106 τοιούτων
255 2039 384 2124 γονέων
402 2040 458 2106 καὶ
475 2042 636 2107 τοιούτων
654 2039 806 2127 πατέρων
824 2040 880 2105 καὶ
898 2044 1086 2127 προγόνων,

68 2147 183 2213 ὁποῖοι
204 2141 291 2229 ήσαν
314 2146 444 2212 ἐκεῖνοι.
490 2147 573 2211 αἰλλδι
596 2150 723 2231 μᾶλλον
745 2150 1007 2231 λογισθήσονται
1031 2146 1088 2214 καὶ

68 2253 110 2318 οί
128 2251 264 2337 πατέρες
287 2252 399 2317 αὐτῶν
422 2255 548 2337 ἔντιμοι
570 2251 626 2317 καὶ
648 2251 744 2318 καλοὶ
766 2250 821 2317 καὶ
844 2257 1000 2339 χρήσιμοι
1023 2253 1086 2319 ἀπὸ

67 2367 141 2424 τῶν
167 2359 298 2423 παίδων
325 2358 437 2423 αὐτῶν
463 2357 519 2423 καὶ
546 2357 690 2444 μέλλωσι
721 2361 836 2442 λαβεῖν
867 2359 902 2424 ολ
926 2362 1088 2445 πρόγονοι
1106 2376 1143 2424 20

69 2463 186 2530 αὐτῶν
216 2467 315 2551 τιμήν
349 2467 486 2530 πλείονα
523 2462 580 2530 καὶ
616 2464 732 2547 δόξαν,
770 2465 829 2530 έδιν
860 2463 1024 2549 γένωνται
1057 2467 1092 2532 οί

71 2574 210 2653 ἔγγονοι
224 2570 335 2637 αὐτῶν
355 2574 482 2656 ἔντιμοι
499 2569 556 2637 καλ
575 2569 699 2654 ἀγαθοὶ
712 2573 798 2656 παρὸ
814 2569 955 2655 έκείνην,
971 2573 1089 2656 ήντινα

69 2671 163 2762 εἶχον
186 2677 240 2742 ὅτε
263 2680 353 2756 έζων.
399 2677 420 2760 ή
443 2679 506 2762 γδιρ
531 2676 594 2741 ἀπὸ
615 2688 682 2742 τῶν
701 2678 832 2742 παίδων
849 2678 925 2762 τιμή
945 2679 992 2755 εἰς
1010 2681 1090 2755 τοὺς

69 2793 182 2866 γονεῖς
205 2782 296 2849 έστιν
318 2783 559 2866 ἀναγκαιοτάτη
583 2781 638 2848 καὶ
661 2787 796 2867 γλυκεῖα
823 2781 879 2849 καὶ
902 2783 1089 2869 ἐπιθυμητή

73 2890 136 2970 [είς
164 2892 245 2965 τοὺς
270 2892 392 2973 γονεῖς]
422 2891 508 2975 παρὸ
537 2889 682 2973 ἐκείνην,
711 2890 828 2972 ήντινα
855 2891 1035 2972 κτήσονται
1057 2890 1093 2955 οί

71 3004 184 3078 γονεῖς
211 2995 276 3061 ἀπὸ
306 3006 374 3060 τῶν
405 2998 513 3079 έργων
542 2995 667 3078 αὐτῶν,
700 2997 850 3081 παρόσον
879 2995 900 3078 ή
928 2995 992 3060 ἀπὸ
1022 3007 1090 3060 τῶν

73 3103 181 3183 έργων
204 3102 280 3185 τιμή
304 3105 482 3186 φθείρεται
505 3105 692 3186 συντόμως,
715 3101 736 3184 ή
761 3098 798 3166 δὲ
818 3101 881 3166 ἀπὸ
904 3112 973 3166 τῶν
997 3100 1090 3185 έγγό-

73 3230 143 3272 νων
165 3208 243 3291 τιμή
271 3218 339 3272 τῶν
368 3206 497 3292 γονέων
525 3206 673 3293 διαμένει
696 3208 743 3284 είς
766 3210 845 3285 τοὺς
873 3210 1003 3282 αἰῶνας.
1050 3206 1092 3270 οὐ

147 3398 363 3455 8σπουδοίσωσι
386 3400 418 3454 V.
494 3406 527 3454 14
551 3400 646 3462 ὄνιδος
669 3399 749 3454 codd.
824 3406 856 3454 16
881 3396 1008 3468 ένγγονοι
1026 3398 1090 3454 Vah.

79 3473 110 3523 25
134 3470 221 3525 verba
250 3468 289 3532 είς
316 3471 380 3534 τοῖς
407 3477 500 3541 γονεῖς
527 3473 606 3526 uncis
629 3470 745 3525 inclusit
767 3470 842 3525 linea
865 3471 1004 3525 subducta
1027 3469 1092 3524 vat.

81 3543 111 3594 27
132 3543 288 3613 φθείρηται
306 3542 370 3597 Vat.
