2408 3826
472 192 666 258 ..5-

65 346 130 416 ὦσι
152 348 271 416 τέλειοι
293 349 348 416 καὶ
373 350 561 436 ὁμοιότατοι
589 352 677 440 αὐτῷ
706 353 856 417 καθόσον
884 347 954 416 έστὶ
980 359 1079 415 τοῦτο

63 460 211 524 δυνατὸν
234 460 281 535 είς
304 457 487 543 ἀνθρώπου
512 459 625 543 φύσιν.
663 461 774 523 Ταῦτα
797 458 895 541 γινώ-
918 506 948 545 7
969 483 1133 549 ρργραρςψ

62 582 153 630 οκων
177 564 195 630 6
219 562 321 650 μέγας
336 561 550 650 Ἀλέξανδρος
574 564 592 630 6
611 565 781 630 Μακεδων
800 564 817 629 6
836 573 897 629 τοῦ
919 557 1014 603 ’Am
920 557 1056 744 τονῖαξδῖζθθ
1050 558 1135 674 σεκαλὲῑ

64 674 234 736 Φιλίππου
256 671 330 747 υίὸς
353 673 476 756 ἔγραψε
499 672 582 756 πρὸς
609 673 668 737 τὸν
692 643 961 746 διόάσκαλοναρ
962 698 1120 762 wv’Aanw»

62 777 167 842 αὐτοῦ
185 779 245 843 τὸν
260 775 537 863 Ἀριστοτέλην’
503 779 621 855 οὕτως·
647 777 834 861 διδάσκαλε,
854 777 895 842 οὐ
991 769 1062 826 '⁶²²6'-

65 888 174 960 καλῶς
206 882 363 967 ἐποίησας
394 884 525 970 γράψας
555 886 603 962 είς
634 887 767 969 βιβλίον
798 885 835 948 τὸ
873 884 1011 968 μάθημα
1043 883 1081 946 τὸ

67 988 152 1074 μέγα
188 1000 246 1076 τῆς
282 1000 425 1075 φυσικῆς
461 993 664 1077 φιλοσοφίας
699 1000 757 1075 τῆς
793 990 990 1073 ἀποκρύφου
1027 985 1082 1053 καὶ

64 1105 239 1181 μυστικῆς,
267 1097 348 1183 ὅπερ
372 1096 568 1183 παρέδωκαν
592 1098 626 1164 ολ
647 1096 782 1163 παλαιοὶ
806 1098 1002 1182 φιλόσοφοι,
1027 1095 1082 1159 ἵνα

65 1204 110 1288 μὴ
140 1212 252 1288 γραφῇ
285 1203 369 1269 ἀλλά
399 1204 594 1288 διδάσκνγται
621 1203 684 1269 ἀπὸ
718 1207 878 1288 στόματος
905 1204 952 1279 είς
979 1203 1082 1285 στόμα

68 1311 117 1386 είς
145 1309 280 1392 ὀλίγους
306 1308 361 1375 καὶ
388 1312 470 1375 κατὰ
500 1310 696 1395 παράδοσιν.
742 1309 992 1394 έστοχάσθιγσαν
1019 1309 1083 1393 γὰρ
1103 1322 1136 1371 10

68 1415 191 1481 ἐκεῖνοι
219 1420 342 1499 καλῶς,
375 1415 426 1481 ὅτι
449 1415 507 1481 ἐὰν
539 1424 651 1501 γραφῇ
684 1415 720 1480 τὸ
752 1425 906 1481 τοιοῦτον
933 1415 1082 1500 μάθημα,

67 1531 132 1599 πᾶς
155 1522 336 1607 ἅνθρωπος
359 1521 377 1587 6
400 1525 605 1606 βουλόμενος
628 1519 872 1605 ἀναγινώσκειν
893 1521 973 1586 αὐτὸ
993 1524 1084 1586 ἔσται

70 1627 104 1706 ἐξ
129 1625 263 1712 ἑτοίμου
282 1626 337 1694 καὶ
356 1629 436 1693 ἀνευ
456 1628 605 1711 σπουδῆς
622 1624 678 1691 καὶ
694 1629 801 1692 κόπου
819 1625 874 1692 καὶ
892 1637 950 1711 τῆς
968 1631 1085 1710 λοιπῆς

67 1733 254 1818 ἐπιμελείας
268 1736 465 1817 φιλόσοφος,
480 1731 534 1798 καί
549 1733 655 1810 οὕτως
670 1734 801 1798 ἔσονται
815 1730 869 1799 καὶ
884 1733 919 1797 οί
929 1735 1085 1816 τυχόντες

68 1838 126 1906 καὶ
162 1840 317 1923 ἀπρεπεῖς
353 1838 410 1904 καὶ
442 1841 582 1924 ἀκοσμοι
614 1840 789 1927 ἀνθρωττοι
816 1842 999 1924 φιλόσοφοι
1030 1836 1085 1903 καὶ

70 1944 174 2031 σοφοὶ
197 1947 306 2032 ὥσπερ
331 1945 367 2011 οί
388 1947 514 2030 ἔντιμοι
536 1944 592 2012 καὶ
614 1944 855 2031 προτερημένοι
877 1944 932 2010 καὶ
951 1945 1084 2029 ἀγαθοί.

64 2054 103 2117 τὸ
134 2054 198 2138 γάρ
225 2060 382 2118 τοιοῦτον
406 2052 544 2137 μάθημα
572 2060 629 2136 τῆς
656 2054 778 2137 σοφίας
809 2061 879 2128 τοῖς
907 2050 1085 2138 ἐξαιρέτοις

68 2156 126 2224 καὶ
149 2158 291 2242 ὑψηλοῖς
312 2156 368 2223 καὶ
392 2157 604 2245 έξγρημένοις
626 2157 820 2244 ἀνθρώποις
842 2158 986 2243 ἁρμόζει,
1010 2155 1085 2242 οὐχὶ

70 2263 110 2331 66
133 2263 188 2332 καὶ
211 2276 282 2342 τοῖς
305 2265 481 2351 ἀχρήστοις
498 2263 553 2330 καὶ
572 2261 729 2349 ἀνοήτοις
746 2263 800 2330 καὶ
819 2275 987 2350 πονηροῖς.
1021 2263 1085 2346 ἐγὼ

67 2356 132 2457 γάρ
166 2371 184 2437 6
213 2366 428 2458 Ἀλέξανδρος
460 2373 614 2454 βασιλεὺς
645 2370 805 2456 ὑπάρχων
837 2369 892 2436 καὶ
923 2368 1085 2455 βασιλέως
1103 2383 1138 2433 20

68 2479 144 2555 υίὸς
166 2487 390 2566 προαιροῦμαι
412 2476 467 2543 καί
495 2475 585 2543 θέλω
607 2475 663 2542 καὶ
687 2477 817 2560 ἀγαπῶ,
846 2477 901 2543 ἵνα
925 2479 988 2562 ἔχω
1013 2478 1085 2542 δια-

66 2585 180 2671 φορὰν
203 2585 266 2651 ἀπὸ
290 2596 357 2652 τῶν
381 2585 492 2649 ἀλλων
513 2583 705 2670 ἀνθρώπων
725 2585 780 2648 διὰ
797 2584 859 2668 τὴν
878 2586 1085 2668 φιλοσοφίαν

63 2692 186 2774 ἥντινα
213 2693 343 2776 έμαθον
370 2692 457 2777 παρὸ
487 2690 543 2754 διὰ
568 2689 630 2773 τὴν
658 2691 831 2773 βασιλείαν
860 2692 978 2773 ἥντινα
1012 2692 1085 2774 ἔγω.

64 2795 121 2862 καὶ
152 2784 243 2862 θέλω
274 2797 331 2862 ἵνα
363 2799 426 2881 ἔγω
463 2796 565 2875 δόξαν
596 2797 685 2881 παρὰ
713 2794 905 2883 ἀνθρώπων
936 2794 992 2860 καὶ
1020 2805 1085 2861 νῦν

63 2901 121 2968 καὶ
150 2903 229 2988 μετὰ
256 2904 408 2968 θάνατον
442 2902 487 2979 ὡς
514 2904 702 2985 φιλόσοφος
728 2903 814 2984 παρὸ
848 2902 892 2979 ὡς
921 2903 1085 2987 βασιλεύς.

65 3010 108 3074 σὺ
133 3004 196 3074 οὖν
220 3009 376 3093 ἐποίησας
401 3009 500 3085 ὅλους
521 3010 600 3085 τοὺς
618 3007 820 3094 ἀνθρώπους
844 3007 980 3094 ὁμοίους
998 3008 1081 3093 έμοί,

64 3116 180 3199 ἐπειδὴ
201 3118 342 3201 ἔγραφες
364 3113 419 3180 καὶ
443 3112 605 3194 ἐξέδωκας
627 3116 664 3178 τὸ
689 3114 827 3200 μάθημα
850 3125 958 3181 τοῦτο.
1003 3116 1085 3180 κατά

64 3225 102 3287 τί
121 3224 185 3308 γὰρ
209 3223 289 3286 ἀλλο
313 3220 421 3305 μέλλω
448 3220 621 3306 διαφέρειν
645 3219 708 3304 ἐγὼ
732 3230 799 3286 τῶν
823 3222 934 3287 ἀλλων
952 3221 1084 3306 ἀνθρώ-

140 3466 245 3536 Ὶμετά
264 3467 292 3520 V.
368 3472 403 3521 20
423 3468 557 3540 βασιλεὺς
575 3468 624 3526 bis
640 3468 729 3542 pon'ffl
743 3468 787 3525 Ἴ.
860 3471 901 3519 ‘26
921 3453 1132 3532 Qussffimffi.

55 3558 92 3606 25
110 3547 147 3605 u'
163 3552 295 3610 θάνατον
311 3574 339 3626 p.
418 3564 455 3615 27
478 3555 624 3629 έξέδοκας
640 3561 683 3618 V.
