2408 3826
453 193 669 258 ,49-

50 345 152 428 οὗτος
170 348 210 415 δέ
221 351 290 417 ἐστι
303 352 383 427 θεὸς
396 359 457 416 τοῦ
475 353 588 437 πυρός.
611 351 754 436 ὕστερον
773 348 810 415 δὲ
824 350 882 435 ἀφ’
936 359 980 424 σμ’.
1003 354 1097 413 σίτοιο

52 453 96 523 οὗ
120 455 273 540 ἐξέβαλεν
297 456 315 522 6
340 459 424 535 Ζεὺς
450 458 510 522 τὸν
533 456 654 523 ἑαυτοῦ
681 455 805 543 πατέρα
827 458 886 522 τὸν
905 432 1128 562 ῖῖἴστζζγῇῗ

53 566 192 648 Κρόνον
216 564 279 628 ἀπὸ
302 573 360 648 τῆς
383 563 485 648 ἀρχῆς
507 561 563 629 καὶ
586 558 770 648 έδέσμησεν
785 563 888 629 αὐτὸν
942 574 1093 628 Βονλικάνοι.

54 669 111 735 καὶ
130 670 267 757 έβριψεν
286 671 333 747 είς
350 671 410 735 τὸν
432 671 615 756 Τάρταρον,
635 671 843 755 διεμερίσατο
862 670 924 753 την
941 667 1071 735 ἐκείνου

55 779 230 862 βασιλείαν
262 778 343 860 μετά
378 787 446 842 τῶν
481 776 646 861 ἀδελφῶν.
698 774 753 841 καὶ
790 776 890 854 αὐτὸς
912 782 954 844 ἕν’·
967 785 1128 852 ιωισμὸττλτ

55 879 118 968 μὲν
146 884 191 959 ὡς
217 885 426 969 πρωτότοκος
454 885 550 966 ἔλαβε
577 884 636 948 τὸν
664 882 811 964 οὐρανὸν
833 881 890 948 καὶ
913 860 1129 993 Kffl‘gssb'ssgv

56 991 117 1055 τὸν
145 987 266 1075 αἰθέρα
293 991 400 1072 βγουυ
427 991 487 1054 τὸν
516 991 621 1054 τόπον
648 999 715 1053 τῶν
743 987 891 1075 ἀστέρων
940 1003 996 1046 υἱῶν
1014 998 1095 1046 αὐτοῦ.

56 1091 114 1160 καὶ
141 1095 200 1159 τὸν
228 1092 308 1178 ἀέρα
336 1094 431 1180 μέχρι
458 1103 516 1178 τῆς
543 1097 650 1174 ὅψεως
677 1103 735 1179 τῆς
757 1103 825 1178 γῆς.
872 1094 890 1160 6
919 1091 956 1159 δὲ
980 1093 1075 1159 ἀδελ-

58 1202 124 1284 φὸς
147 1199 252 1265 αὐτοῦ
275 1200 292 1265 6
317 1202 472 1285 δεύτερος
490 1200 508 1266 6
528 1202 705 1267 Ποσειδῶν
724 1204 820 1284 ἔλαβε
838 1202 876 1266 τὸ
895 1203 1075 1286 πρόσωπον
1094 1217 1110 1265 9

57 1316 117 1391 της
147 1316 208 1392 γῆς
239 1303 295 1370 καὶ
328 1316 438 1372 πᾶσαν
473 1308 534 1391 την
570 1308 754 1374 θάλασσαν.
804 1307 822 1373 6
856 1304 893 1373 δὲ
916 1349 957 1405 56.
971 1350 1132 1411 mmmm

50 1411 170 1496 ’Ἅιδης
184 1413 274 1490 ὅστις
293 1412 486 1498 ὀνομάζεται
503 1411 559 1479 καὶ
573 1414 695 1498 Χάρων
712 1412 768 1479 καὶ
782 1415 894 1479 Πλού-
951 1423 1063 1511 Πῇοὐτω
1091 1423 1104 1470 ὁ

59 1543 128 1584 των
151 1520 238 1584 διότι
261 1517 312 1584 άεδ
335 1520 495 1603 λαμβάνει
518 1516 575 1585 καὶ
596 1518 755 1585 οὐδέποτε
775 1521 894 1585 δίδωσι
983 1494 1068 1553 Αιδης·

63 1662 102 1672 -
127 1633 227 1690 τοῦτο
250 1625 313 1709 γάρ
337 1624 466 1690 ἔστιτὸ
490 1631 647 1691 πλουτεῖν
669 1626 707 1690 τὸ
730 1625 871 1691 πάντοτε
895 1625 1078 1709 λαμβάνειν

60 1728 117 1796 καὶ
155 1728 319 1815 μηδέποτε
351 1732 484 1797 διδόναι
522 1768 560 1778 -
596 1734 713 1814 ἔλαβεν
747 1733 795 1808 είς
831 1734 1003 1814 βασιλείαν
1040 1731 1080 1795 τά

59 1837 217 1901 ὑποκάτω
241 1846 299 1921 τῆς
321 1845 381 1920 γῆς
403 1835 459 1902 καὶ
483 1846 540 1922 της
562 1837 744 1921 θαλάσσης,
768 1834 863 1902 &aaz
890 1837 1084 1921 ὑπογδόνια

60 1940 117 2008 καὶ
139 1945 346 2027 καταχθόνια
365 1941 528 2026 λέγονται.
562 1945 624 2028 την
648 1941 685 2008 δέ
700 1942 810 2029 Ἥραν
828 1945 890 2028 την
909 1941 1082 2028 ἐρωμένην

60 2046 119 2113 καὶ
140 2037 356 2132 ἠγαπημένην
379 2048 483 2115 αὐτοῦ
507 2050 525 2116 6
546 2052 630 2126 Ζεὺς
652 2051 749 2133 ἔλαβε
767 2056 925 2135 καθαρῶς
944 2047 999 2114 καὶ
1018 2073 1081 2133 φα-

63 2163 171 2240 νερῶς
202 2156 250 2232 είς
280 2164 438 2239 γυναῖκα,
473 2155 586 2239 ἐπειδη
614 2155 716 2222 πλέον
745 2156 806 2222 οὐκ
836 2155 990 2240 ἐφοβεῖτο
1021 2157 1082 2221 τὸν

61 2259 188 2346 πατέρα
216 2261 329 2327 αὐτοῦ.
379 2261 400 2344 6
430 2259 467 2326 δὲ
491 2260 602 2327 Ἑστία
628 2259 684 2326 καί
715 2262 736 2345 6
764 2264 926 2346 Δημήτηρ
955 2260 993 2325 αί
1019 2261 1082 2327 δύο

62 2364 208 2450 ἀδελφαὶ
231 2369 500 2452 κατελείφθησαν
527 2366 791 2453 άκληρουόμητοι
821 2365 875 2433 καὶ
899 2367 1081 2453 άπόκληροι
1100 2381 1136 2430 20

62 2482 123 2557 τῆς
153 2475 321 2555 βασιλείας
351 2483 412 2539 τοῦ
446 2475 570 2560 πατρὸς
602 2475 721 2540 αὐτῶν.
778 2475 866 2558 ὅμως
898 2473 1084 2558 ὑπάρχουσι

63 2577 121 2645 καὶ
153 2573 250 2644 αὗται
281 2582 376 2663 θεαί,
414 2579 527 2664 ἐπειδη
566 2582 651 2646 εἰσιν
684 2580 747 2646 άπὸ
779 2588 841 2645 τοῦ
871 2579 992 2662 γένους
1022 2586 1085 2644 τοῦ

63 2691 185 2750 θείκοῠ
214 2683 269 2750 καὶ
301 2688 414 2770 έχουσι
447 2685 606 2770 δυνάμεις
636 2684 692 2752 καὶ
731 2685 898 2772 ἐνεργείας
930 2685 1081 2770 μεγάλας.

64 2792 85 2875 6
121 2787 182 2874 μὲν
213 2786 325 2855 Ἐστία
358 2794 424 2876 ἔχει
445 2792 603 2876 ’δύναμιν
635 2792 814 2877 φυλάττειν
846 2789 902 2857 καὶ
924 2816 962 2872 ξς,
989 2823 1024 2872 ,ις
1044 2822 1141 2877 amn

65 2895 201 2962 σκέπειν
224 2898 281 2973 τάς
303 2900 416 2975 πόλεις
438 2895 492 2963 καὶ
514 2901 595 2976 τοὺς
617 2904 730 2977 οίκους
752 2909 819 2963 τῶν
843 2898 900 2963 άν-
923 2890 1140 2978 δῑέλαβςτῆςθώῖ

65 3003 228 3089 δράκων.
261 3005 317 3068 διά
334 3013 433 3069 τοῦτο
453 3005 489 3069 oc
508 3002 643 3070 παλαιοὶ
671 3005 751 3070 ὅταν
774 3007 900 3082 ἔκτιζον
923 2961 1140 3091 Ἔξςξῖἵαςιξζὶ

66 3112 184 3193 πόλιν,
216 3109 276 3174 τὸν
307 3119 441 3195 πρῶτον
471 3112 555 3175 ναὸν
581 3112 667 3196 παρὸ
695 3121 762 3176 τῶν
792 3112 903 3175 ἄλλων
979 3105 1109 3167 Ᾰίμλῑθοά

66 3221 161 3280 θεῶν
195 3217 320 3293 ἔκτιζον
355 3225 414 3301 τῆς
444 3212 571 3293 Ἑστίας
603 3218 650 3294 είς
683 3218 837 3300 φυλακὴν
869 3213 924 3280 καὶ
961 3212 1085 3297 σκέπην

67 3330 128 3405 τῆς
150 3324 277 3400 πόλεως
299 3320 354 3387 καὶ
378 3322 563 3407 ἐφύλαττον
586 3322 622 3388 έν
646 3322 734 3412 αὐτῷ
759 3332 825 3408 πῦρ
849 3323 1012 3404 ἄσβεστον
1036 3318 1082 3385 δι’

144 3546 346 3622 ξβ.Ἥφεστος
364 3549 442 3607 codd.
513 3556 545 3604 15
564 3549 618 3605 ὑπὸ
633 3549 708 3604 κάτω
724 3551 755 3606 V.
818 3556 852 3604 21
873 3548 946 3620 ὅμως
960 3549 1040 3605 deest
1053 3548 1091 3606 V.

124 3646 161 3688 Ιο.
174 3647 347 3703 Καιωιοττιι,
361 3649 395 3691 ed.
409 3649 563 3694 Iaehnerdt.
871 3645 892 3693 δι
