2408 3826
462 188 679 253 „29-

41 351 214 429 ,Ελληνας
237 345 300 410 ἀπὸ
323 354 381 429 της
404 344 655 431 πεπλανημένης
678 347 824 426 ὑποψίας
845 348 963 430 ἥντινα
987 341 1077 432 εἶχον

63 451 141 536 περὶ
163 464 231 517 τῶν
249 449 437 535 Ῥωμάνοιν,
464 462 606 517 ποιεῖται
634 451 738 538 μέγαν
765 451 820 518 καὶ
845 455 953 518 πολὺν
977 455 1080 536 λόγον

53 556 110 623 καὶ
131 560 274 643 μεγάλας
283 555 338 622 καὶ
347 559 471 634 πολλὰς
485 557 668 635 ἀποδείξεις
683 557 746 623 ἀπὸ
760 564 912 623 παλαιῶν
923 559 1079 642 ἱστοριῶν

54 663 221 749 ἑλληνων,
237 657 282 728 δι’
300 658 348 729 ὧν
362 663 584 745 ἀποδεικνύει,
600 664 650 728 ὅτι
665 675 732 729 τῶν
742 663 916 749 Ῥωμάνων
931 665 967 729 τὸ
983 662 1080 747 γένος

54 770 186 856 ὑπῆρχε
199 769 298 853 γένος
312 769 496 853 έλληντκόν.
519 779 617 835 τοῦτο
633 772 696 855 γάρ
712 772 778 855 ἔχει
791 768 867 856 περὶ
880 775 1008 836 πολλοῦ
1022 770 1078 835 ἴνα

57 876 230 962 ἀποδείξη,
242 876 500 961 ἀλλοτρόπως
461 900 525 1004 γαρ
535 871 636 940 οὐδέν
647 876 815 941 δόναται’
800 900 855 942 ινα
865 876 1007 962 έκβάλλη
1015 877 1076 959 την

56 984 294 1068 βαρβαρότητα
318 980 381 1046 ἀπὸ
404 990 465 1046 τοῦ
484 979 604 1064 γένους
626 992 692 1046 τῶν
708 979 892 1065 Ῥωμάνων.
915 997 943 1039 λ’·
956 997 1032 1048 aetrno
1034 1009 1093 1047 τσο
1081 993 1134 1046 όλος

57 1087 149 1172 λέγει
171 1097 257 1172 γοῦν
278 1099 348 1164 πῶς
370 1099 504 1171 πρῶτον
527 1087 590 1152 ἀπὸ
618 1096 676 1170 της
699 1090 894 1171 Πελοπονή-
915 1064 980 1181 Εἴ
967 1083 1028 1187 λων
998 1134 1023 1181 ὃν
1036 1065 1133 1194 ἷξγῗγῗ,

57 1212 124 1260 σου
146 1193 293 1277 ἤγουν’
276 1195 339 1259 απὸ
363 1202 424 1258 τοῦ
442 1202 506 1258 νῦν
524 1191 733 1276 καλουμένου
751 1191 895 1277 Μορέως
974 1208 1014 1251 on
1002 1221 1087 1262 οτοτοο
1087 1242 1092 1251 ·

57 1300 124 1364 ἀπὸ
143 1308 201 1384 τῆς
217 1295 390 1384 Ἀρκαδίας
408 1297 549 1382 ἐξῆλθέν
571 1321 621 1375 τις
642 1298 780 1382 ὀνόματι
805 1304 974 1385 Οίνωτρος
997 1301 1078 1384 μετά
1098 1317 1131 1365 10

58 1409 183 1472 στόλου
205 1407 351 1490 μεγάλου
374 1403 429 1471 καὶ
451 1403 643 1492 κατῴκησεν
667 1406 713 1481 είς
731 1405 771 1469 τά
794 1403 876 1491 μέρη
900 1415 1019 1489 ταῦτα,
1044 1406 1080 1471 ἐν

59 1504 112 1589 οἷς
136 1512 272 1597 ἐκτίσθη
296 1513 439 1595 ὕστερον
462 1508 619 1594 ηῬώμη.
664 1507 719 1574 καὶ
747 1509 940 1594 έκληθησαν
967 1514 1003 1577 οί
1023 1514 1081 1577 ἀν-

56 1624 198 1703 θρωποι
225 1617 346 1683 ἐκείνοι
378 1623 543 1701 Οἴνωτροι
571 1615 627 1682 καὶ
653 1617 674 1700 ἡ
702 1618 794 1702 χώρα
821 1618 882 1701 ὅλη
915 1620 1081 1703 Οἰνωτρία

57 1723 127 1789 ἀπὸ
163 1732 224 1788 τοῦ
263 1723 425 1808 ὀνόματος
458 1724 580 1788 τούτου
616 1731 677 1788 τοῦ
715 1723 895 1808 Οἰνώτρου.
946 1753 988 1798 λα’,
1009 1752 1073 1799 ὃς,
1024 1768 1114 1817 ‘ww

59 1831 217 1914 δεύτερος
247 1833 364 1906 στόλος
387 1828 558 1913 ἑλληνικὸς
585 1827 770 1954 ἐξηλθεν’
752 1829 815 1893 απὸ
839 1853 896 1913 της
920 1823 1016 1946 ’1θῷξᾶ
1017 1825 1087 1938 22²³*
1088 1839 1137 1936 ij

59 1938 306 2019 Πελοπονήσου
333 1935 433 2000 πάλιν
460 1933 516 2000 καὶ
542 1931 734 2021 κατηόκησεν
766 1936 813 2011 είς
835 1936 897 2018 τὴν
919 1980 949 2010 ,α
935 1910 1053 2021 ,ᾖμηςω
1035 1979 1066 2008 ω,
1089 1967 1136 2007 Π,

63 2045 257 2107 Θετταλίαν
288 2043 447 2106 Θετταλία
471 2037 508 2105 δὲ
526 2038 655 2123 λέγεται
673 2041 713 2104 τά
731 2038 814 2124 μέρη
838 2064 895 2124 της
976 2037 1075 2092 2215,on

59 2149 313 2231 Θεσσαλονίκης
335 2156 392 2230 τῆς
416 2148 603 2231 Λαρίσσης,
634 2147 705 2229 ἥτις
728 2144 783 2210 καὶ
806 2147 1003 2211 Μακεδονία
1026 2143 1079 2211 λέ-

58 2277 163 2338 γεται.
204 2252 260 2319 καὶ
283 2253 346 2318 ἀπὸ
370 2262 427 2337 της
452 2255 629 2328 Θετταλίας
657 2249 857 2336 διεπέρασαν
880 2253 939 2317 τὸν
959 2247 1081 2316 Ἰόνιον

59 2361 206 2443 κόλπον,
241 2357 281 2424 δν
312 2365 452 2425 καλοῦσι
481 2367 546 2424 νῦν
578 2360 704 2423 κόλπον
735 2365 793 2441 τῆς
825 2359 994 2440 Βενετίας,
1026 2354 1082 2422 καλ
1102 2375 1136 2422 20

59 2465 220 2548 ἀπῆλθον
243 2468 291 2544 είς
312 2468 352 2531 τά
376 2464 458 2552 μέρη
486 2474 589 2529 ταῦτα
616 2474 673 2548 τῆς
692 2461 816 2548 Ῥώμης
842 2462 897 2529 καὶ
921 2463 1083 2547 έμίγησαν

59 2572 236 2656 μετὰτῶν
260 2573 449 2657 Οἰνώτρων.
500 2570 654 2654 ἐλέγοντο
683 2567 719 2635 δέ
749 2571 784 2634 οί
803 2567 962 2700 Ἕλληηες
989 2564 1083 2634 οὗτοι

62 2675 276 2761 Πελασγοί’
259 2680 322 2743 απὸ
345 2687 406 2742 τοῦ
429 2676 592 2761 ὀνόματος
614 2685 674 2740 τοῦ
700 2671 862 2759 βασιλέως
884 2675 993 2740 αὐτῶν
1017 2680 1083 2740 Πε

61 2789 202 2865 λασγοῦ.
256 2786 366 2869 τρίτος
396 2785 513 2859 στόλος
545 2781 716 2865 ελληνικὸς
748 2781 898 2864 ἀπηλθεν
921 2797 965 2854 λα’.
975 2792 1137 2856 τροοςστὸλος

62 2890 114 2965 εςί
132 2883 274 2953 Ἰταλίαν
296 2886 351 2953 καὶ
371 2883 467 2964 οὗτος
486 2887 549 2953 ἀπὸ
568 2911 626 2971 της
641 2885 814 2973 Ἀρκαδίας
832 2867 941 2981 ἀπὸέ,
931 2867 992 2921 Μλ
942 2862 1138 2993 ανλέεῑξγῖῑῖν

61 2997 416 3072 πόλεωςΠαλλαντίου
431 2992 687 3079 ὀνομαζομένου.
706 2995 825 3078 ταυτης
835 2996 898 3080 γαρ
933 2939 1033 3052 102va
1005 3005 1092 3069 ονοδρς.

63 3109 124 3184 τῆς
147 3099 313 3177 πόλεωςὸ
342 3103 421 3177 λαὸς
450 3101 643 3165 ἐστασίασεν
666 3098 721 3164 καί
749 3101 908 3186 ἐμερίσθη
940 3103 986 3176 είς
1010 3101 1081 3165 δύο.

63 3208 104 3272 τὸ
134 3216 219 3290 γοῦν
251 3207 289 3271 ἓν
321 3204 420 3291 μέρος
452 3208 495 3292 μὴ
525 3206 709 3291 ὑπομεῖναν
741 3208 803 3290 τὴν
832 3209 1083 3290 καταφρόνησιν

139 3395 358 3468 2ρωμαίοονλλ.
406 3404 430 3454 ὅ.
451 3399 586 3453 θινα-
607 3398 690 3453 οὐδεν
709 3416 762 3454 om
781 3417 812 3452 m
829 3399 908 3451 texu
877 3397 990 3451 tnva
971 3399 1082 3465 t‚.add

65 3469 98 3522 in
116 3469 171 3524 fine
189 3487 253 3539 pag.
272 3485 343 3524 man
364 3485 418 3524 rec.
466 3469 517 3524 λα.
538 3467 646 3524 ίταλίαν
660 3470 724 3524 λλκλ.
705 3468 856 3538 λοοίηοο.
904 3470 968 3524 18”
952 3488 1004 3530 ιτις
1018 3468 1084 3522 Vah

66 3546 102 3596 2ss
123 3541 281 3594 παλαντίου
301 3540 380 3598 codd.
