2408 3826
473 191 690 255 „31-

68 355 130 432 τῆς
158 357 233 434 γῆς,
267 349 336 415 ἐκεῖ
365 351 502 432 ἔστησεν
530 349 592 413 δύο
620 351 735 426 κιόνας
761 346 816 415 καὶ
843 348 954 414 ἐπάνω
977 347 1088 413 αὐτῶν

70 455 135 520 δύο
172 457 293 538 στήλας
325 457 394 539 ἥως
425 456 556 532 εἰκόνας
585 459 707 540 χαλκᾶς
739 455 843 519 αὑτοῦ
877 457 924 531 εἰς
956 457 1089 540 μνήμην

69 558 127 625 καὶ
160 559 349 645 ἐνθύμησιν
380 569 440 627 τοῦ
472 561 677 646 πράγματος,
711 562 846 637 ἅστινας
878 563 999 644 στήλας
1028 568 1089 625 τοῦ

73 666 270 752 Ηρακλέους
299 665 470 749 λέγουσιν,
500 666 535 731 οἰ
559 671 701 733 Λατῖνοι
731 673 877 733 κολῶναι
903 663 1087 752 Ἑρκούλεε.

68 769 291 858 ἀναστρέφων
313 780 398 856 γοῦν
421 769 620 856 ὑἩρακλῆς
644 768 750 856 ἦλθεν
773 775 820 849 εἰς
842 773 901 837 τὸν
924 769 1026 880 Ξῆχῗῖῶς
1039 764 1142 879 ζξμίθβῐ

72 880 209 964 Τίβεριν
226 879 375 962 ποταμὸν
392 875 449 943 καὶ
468 878 537 943 ἐκεῖ
548 878 742 962 ὑπήντησαν
761 878 849 965 αὐτῷ
870 879 905 942 οἰ
926 854 966 894 ⁰*
996 851 1082 958 2²:2³⁶
1112 850 1142 885 ως

67 993 300 1063 κατοικοῦντες
321 985 362 1048 τά
384 981 467 1068 με’ρη
496 983 604 1049 ἐκεῖνα
623 983 781 1068 Ἕλληνες
804 984 863 1060 οὑς
885 986 1086 1068 προείπομεν

67 1087 125 1154 καὶ
139 1089 297 1175 ἐτίμησαν
316 1090 419 1155 αὑτὸν
433 1090 478 1166 ὡς
490 1091 575 1155 θεὸν
589 1089 644 1156 καὶ
659 1090 818 1175 ἐποίησαν
833 1091 922 1179 αὐτῷ
937 1089 991 1154 καί
1001 1090 1086 1154 ναὸν

66 1193 125 1260 καλ
144 1195 303 1280 ἐποίησαν
321 1193 377 1261 καὶ
394 1198 522 1261 θυσίαν
546 1196 634 1285 αὐτῷ
655 1198 763 1281 ὥσπερ
782 1203 853 1284 θεῷ
873 1198 928 1260 διὰ
946 1198 986 1260 τά
1005 1198 1086 1278 ἐρνα

67 1301 152 1388 άπερ
162 1300 325 1386 ἐποίησεν.
348 1300 467 1367 πολλοὶ
476 1312 561 1386 γοῦν
570 1301 812 1386 τῶνἙλλήνων
821 1313 889 1366 τῶν
899 1299 967 1386 μετ’
981 1302 1086 1366 αὑτοῦ
1106 1315 1140 1363 10

67 1408 198 1485 ἰδόντες
219 1410 281 1492 την
303 1417 368 1492 γῆν
389 1409 495 1491 καλὴν
518 1406 573 1473 καί
591 1411 735 1495 λιπαρὰν
756 1407 811 1474 καὶ
829 1410 908 1485 τοὺς
921 1406 1086 1492 Ἕλληνας

63 1515 146 1590 τοὺς
168 1524 405 1592 κατοικοῦντας
423 1514 492 1579 ἐκεῖ
511 1516 738 1598 παρεκάλεσαν
755 1516 816 1580 τὸν
829 1512 1005 1600 Ἡρακλέα,
1029 1514 1085 1578 ἵνα

64 1618 181 1704 άφήση
205 1619 328 1696 αὐτοὺς
350 1629 543 1704 κατοικῆσαι
567 1622 614 1696 εἰς
636 1622 695 1686 τὸν
718 1622 822 1685 τόπον
853 1620 982 1710 ἐκεῖνον
1005 1622 1085 1703 μετὰ

62 1733 135 1789 τῶν
163 1723 326 1790 ἐντοπίων
347 1722 528 1807 Ἑλλήνων.
574 1724 630 1791 καί
656 1728 719 1810 γάρ
747 1722 833 1808 η’σαν
857 1723 913 1789 καὶ
936 1724 999 1789 άπὸ
1023 1732 1084 1789 τοῦ

63 1833 174 1896 κόπον
196 1828 251 1896 καί
273 1839 330 1915 τῆς
353 1835 526 1916 στρατείας
538 1830 603 1896 ’καί
621 1843 689 1897 τῶν
709 1831 863 1917 πολέμων
883 1832 918 1895 οί
933 1833 1084 1906 πλείονες

64 1935 223 2014 ἀσθενεῖς
245 1935 300 2002 καί
320 1937 480 2003 ἀδύνατοι
499 1937 554 2003 καί
573 1938 634 2004 οὑκ
652 1939 820 2022 ἠδύναντο
839 1947 960 2004 κοπιᾶν
983 1937 1084 2002 πάλιν

61 2039 122 2108 καί
135 2040 360 2129 ὑποστρέφειν
381 2052 544 2109 τοσοῦτον
565 2047 678 2110 τόπον.
713 2045 858 2121 άκούσας
873 2039 936 2109 οὑν
950 2043 968 2108 ὑ
982 2041 1083 2129 Ἡρα-

60 2153 146 2232 κλῆς
171 2149 235 2232 τὴν
261 2149 469 2235 παράκλησιν
498 2150 609 2215 αὐτῶν
637 2150 763 2235 άφῆκεν
787 2152 931 2226 πολλοὺς
954 2151 1001 2226 εἰς
1023 2151 1083 2213 τὸν

60 2257 169 2320 τόπον
183 2263 315 2338 τοῦτον,
335 2254 434 2332 αὐτὸς
449 2252 485 2320 δὲ
500 2257 661 2339 μετὰτῶν
676 2261 802 2321 λοιπῶν
815 2254 1021 2339 ὑπέστρεφεν
1036 2255 1083 2330 εἰς
1102 2268 1136 2316 19

59 2363 101 2426 τὸ
117 2355 246 2446 ”Αρνος.
277 2357 370 2427 οὗτοι
391 2359 428 2427 δὲ
447 2363 483 2426 οί
497 2371 558 2427 τοῦ
570 2359 772 2447 Ἡρακλέους
781 2360 898 2444 Ἕλλη·
920 2406 963 2462 23¹.
982 2406 1017 2452 gu
1031 2409 1137 2452 olum,

60 2490 122 2544 νες
148 2470 388 2546 κατοικίζονται
421 2470 468 2544 εἰς
495 2467 554 2533 ἕνα
582 2471 690 2551 λόφον
717 2471 823 2552 ἤγουν
850 2471 897 2545 εἰς
933 2477 1064 2540 λειφθέντες
1091 2479 1123 2529 εἰς

59 2576 205 2658 βοννίον
227 2576 364 2659 μικρόν,
395 2571 432 2651 ὃς
458 2576 532 2639 τότε
559 2572 687 2657 ἐλέγετο
711 2577 897 2661 Σατόρνιος
916 2546 1134 2684 Ηῖζζζξζζςᾝ,

60 2679 129 2744 άπὸ
151 2688 213 2745 τοὺ
236 2679 397 2765 ὀνόματος
415 2690 476 2746 τού
499 2687 583 2745 θεοῦ
606 2689 666 2746 τοὺ
684 2681 894 2764 Σατούρνου,
918 2708 954 2744 vec
974 2692 1005 2743 εἰς
1018 2688 1061 2775 τὸη
1071 2688 1135 2746 λειό-

60 2786 180 2851 ὅντινα
199 2785 355 2869 λέγουσιν
375 2786 410 2851 οἰ
420 2784 577 2870 Ἕλληνες
591 2789 737 2871 Κρόνον,
756 2790 896 2851 Λατῖνοι
918 2765 1137 2896 ἴξζζέοξαζζρᾝζ

61 2888 102 2957 ὑὲ
138 2895 348 2975 Σατοῦρνον.
400 2901 465 2957 νῦν
502 2889 538 2957 δὲ
575 2891 593 2956 ὁ
631 2894 735 2977 λόφος
772 2891 896 2969 ἐκεῖνος
918 2906 1039 2948 πιτωλῖνον
1052 2898 1135 2987 ,κατύ-

60 2995 193 3081 λέγεται
216 3001 446 3075 Καπιτωλῖνος
469 3000 528 3063 καί
547 2998 616 3063 ἐστι
640 3000 784 3083 σήμερον
805 2998 897 3074 ἐντὸς
945 2988 1020 3031 “q‘m
1033 2976 1110 3032 ΜΨ
1166 3037 1168 3042 ·

59 3111 120 3188 τῆς
144 3101 278 3188 Ῥώμης.
332 3107 563 3181 Καπιτωλῖνος
593 3101 630 3168 ὑέ
663 3104 845 3188 ὠνομάσθη
879 3105 942 3170 άπὸ
975 3106 1080 3179 αἰτίας

56 3211 224 3294 τοιαύτης.
269 3211 316 3286 εἰς
338 3212 398 3276 τόν
421 3212 501 3294 μετά
524 3219 627 3275 ταῦτα
649 3212 767 3295 καιρὸν
791 3208 850 3293 ἀφ’
878 3206 919 3275 οὑ
942 3210 1078 3292 ἐκτίσθη

57 3315 116 3382 καὶ
139 3319 274 3399 οἰκίσθη
293 3316 314 3399 ἡ
332 3313 454 3401 Ῥώμη,
486 3315 616 3400 ἐγένετο
645 3315 682 3381 ἐν
710 3316 792 3400 αὐτῇ
823 3318 903 3401 μετὰ
934 3318 1079 3390 πολλοὺς

133 3471 257 3544 2ἥγονν
274 3473 308 3527 V.
383 3478 415 3526 12
435 3481 621 3535 κατικοὺντας
639 3473 702 3528 vat.
781 3479 814 3526 22
835 3468 997 3541 σαντόρνιος
1012 3470 1076 3526 Vah.

59 3551 95 3600 27
114 3561 203 3615 marg.
223 3544 314 3602 adeor.
333 3541 426 3599 πόθεν
446 3543 600 3616 ὠνομάσθη
620 3544 865 3606 καπιτωλῐνοςἻ.
