2408 3826
457 184 675 249 ..47-

56 341 243 418 Διονῦσιος
256 340 320 405 ’ὅτι
349 340 531 427 ὠνομάσθη
560 343 702 427 ὕστερον
728 346 876 428 Φρυγία·
912 346 985 409 τότε
1011 346 1075 430 γάρ

55 449 165 525 άλλως
189 447 382 532 ὠνομάζετο.
431 450 562 535 Φρυγία
591 447 630 514 δέ
651 448 741 514 ἐστιν
771 450 847 527 ὅλος
869 449 888 515 6
911 501 954 555 m
977 501 1011 550 ,χ
1031 500 1092 543 ,σω
1115 495 1129 554 6

56 556 157 630 τόπος
181 553 245 618 άπὸ
268 561 325 637 τής
344 551 444 619 Ἀσοῦ
462 555 506 638 ἣν
530 553 670 640 λέγομεν
689 555 725 620 οί
745 559 892 641 σήμερον
924 571 1021 630 Φρυγια
1034 572 1116 614 καλου-

55 660 248 745 Μαχράμην
280 666 407 744 μᾶλλον
440 659 477 726 δὲ
505 661 568 727 άπὸ
601 669 661 726 τοῦ
692 661 892 728 άνατολικοῦ
987 639 1052 698 μόνη·

56 766 265 852 ἀκρωτηρίου
289 766 306 831 ὃ
331 767 366 832 ολ
385 765 521 833 παλαιοὶ
546 770 661 850 ἔλεγον
675 767 825 852 ’Ἁβυδον
848 769 911 833 ἀπὸ
935 779 992 853 της
1014 771 1074 833 πό-

56 878 140 950 λεως
162 873 233 956 ήτις
255 873 402 958 ὑπῆρχεν
426 873 504 956 ἐκεῖ,
529 875 564 939 οί
585 871 622 939 δὲ
645 874 793 960 σήμερον
816 873 952 958 λέγουσι
971 878 1075 958 Γενη-

56 979 142 1064 σάρη
167 987 323 1065 τουρκική
347 978 507 1066 διαλέκτῳ
537 980 554 1044 6
579 983 733 1065 σημαίνει
760 979 840 1046 νέον
863 981 1008 1066 κάστρον
1035 1019 1072 1028 -

55 1085 120 1150 άπὸ
145 1085 266 1151 τούτου
289 1094 374 1169 γοῦν
398 1085 475 1163 ὅλος
498 1086 515 1151 6
538 1087 659 1164 κύκλος
681 1084 737 1152 καὶ
761 1087 778 1152 ὁ
805 1089 954 1169 αἰγιαλὸς
976 1085 1032 1152 καί
1054 1088 1074 1170 6

56 1191 167 1257 ἐπάνω
200 1201 260 1257 τοῦ
283 1193 437 1275 αἰγιαλοῦ
469 1202 510 1277 μή
541 1192 654 1280 μέχρις
685 1203 747 1258 τοῦ
770 1191 898 1279 Ἕρμου
924 1202 1075 1278 ποταμοῦ

57 1299 174 1364 ὅντινα
197 1309 357 1385 προεῖπον
381 1298 432 1363 ὅτι
455 1297 595 1384 λέγομεν
618 1299 712 1383 ἡμεῖς
733 1301 883 1384 ποταμὸν
905 1307 967 1364 τοῦ
989 1303 1074 1384 Ταρ-
1095 1316 1129 1363 10

56 1405 254 1490 χανειώτου,
288 1402 417 1488 λέγεται
453 1407 592 1491 Φρυγία.
647 1405 702 1471 καὶ
735 1406 799 1471 άπὸ
832 1416 892 1471 τοῦ
924 1414 1075 1490 ποταμοῦ

56 1513 177 1577 τούτου
199 1511 300 1577 πάλιν
323 1509 378 1578 καὶ
401 1514 593 1597 ἔμπροσθεν
615 1514 749 1597 άρχεται
772 1513 792 1596 6
812 1509 938 1595 Ἰωνία,
961 1512 1075 1588 καθὼς

56 1623 193 1700 είπομεν
215 1615 289 1683 κατ’
321 1618 431 1703 άρχάς.
479 1619 496 1684 ὁ
525 1628 609 1702 γοῦν
629 1615 749 1695 Ἰδαῖος
778 1619 891 1694 καθὼς
914 1644 962 1690 ια,
976 1644 1131 1697 3225’160205

56 1729 183 1809 είρηται
220 1724 238 1789 ὁ
274 1725 348 1802 υίὸς
383 1734 444 1789 τοῦ
474 1725 659 1809 Δαρδάνου
694 1733 891 1807 κατοικήσας
926 1714 1060 1830 'fufium
1086 1716 1116 1798 ⁸²}

55 1832 137 1914 μετά
156 1839 216 1895 τοῦ
234 1830 377 1915 ἡμίσεως
394 1836 478 1897 λαοῦ
498 1833 544 1908 είς
562 1833 602 1896 τά
620 1834 761 1915 πλησίον
779 1830 891 1913 ὑψηλά
913 1796 1022 1919 ὠαρίιΐώς
1040 1798 1130 1901 ορώίίιῖ

57 1937 117 2022 όρη
145 1945 203 2020 της
229 1938 338 2022 χώρας
365 1939 500 2021 ταύτης,
528 1937 600 2021 ήτις
627 1937 808 2022 ὠνομάσθη
836 1935 892 2001 καὶ
915 1926 1035 1985 ὠνόμαωί
1048 1926 1130 1972 Ἰδαῖα·

59 2044 191 2126 Φρυγία
223 2043 383 2129 ὕστερον,
416 2043 590 2129 ὠνόμασεν
622 2046 662 2109 τά
694 2046 755 2129 όρη
783 2050 887 2108 ταῦτα
917 2040 981 2105 άπὸ
1013 2048 1074 2104 τοῦ

56 2149 221 2233 ὀνόματος
248 2149 351 2213 αὐτοῦ
381 2143 492 2214 Ἰδαῖα.
545 2150 581 2215 οί
605 2152 668 2235 γάρ
696 2150 827 2234 άρχαίοι
854 2143 946 2231 είχον
973 2148 1074 2229 συνή-

55 2261 157 2320 θειαν
178 2254 235 2320 καὶ
259 2255 430 2340 ὠνόμαζον
458 2257 537 2332 τοὺς
564 2258 686 2334 τόπους
714 2250 761 2321 ὧν
789 2255 985 2339 ἐβασίλευον
1008 2252 1073 2317 άπὸ

54 2369 117 2425 τοῦ
141 2360 302 2445 ὀνόματος
325 2361 446 2444 αῦτών,
471 2361 593 2446 ὁμοίως
614 2359 670 2426 καὶ
692 2363 771 2438 τοὺς
793 2361 1005 2444 ἀνθρώπους,
1029 2359 1074 2436 ώς
1092 2374 1128 2422 20

56 2467 121 2533 άπὸ
144 2476 205 2533 τοῦ
225 2465 385 2551 Ἕλληνος
400 2466 559 2551 Ἕλληνες
580 2465 636 2533 καὶ
659 2467 723 2533 άπὸ
750 2476 811 2531 τοῦ
833 2469 982 2531 Λατίνου
1004 2469 1073 2529 Λα-

56 2583 145 2638 τῖνοι
176 2571 232 2638 καὶ
263 2573 326 2639 άπὸ
355 2572 483 2640 Ἰταλοῦ
509 2570 630 2638 Ἰταλία
661 2573 681 2656 6
714 2575 804 2659 χώρα
835 2570 891 2638 καὶ
921 2572 984 2637 άπὸ
1012 2581 1073 2637 τοῦ

61 2681 175 2765 Τρωὸς
208 2681 323 2764 Τρώδις
348 2679 369 2762 6
397 2680 489 2764 χώρα
515 2677 571 2744 καὶ
601 2678 664 2743 άπὸ
696 2687 757 2743 τοῦ
785 2676 939 2754 Πέλοπος
966 2682 1073 2742 Πελο-

55 2788 210 2868 πόνησος.
253 2781 357 2850 Ἰδαία
387 2794 471 2868 γοῦν
500 2784 691 2869 ἐκλήθησαν
718 2785 758 2848 τά
790 2784 850 2867 όρη
878 2791 980 2848 ταῦτα
1008 2783 1073 2848 άπὸ

55 2901 118 2957 τοῦ
141 2891 304 2976 ὀνόματος
326 2900 386 2955 τοῦ
406 2888 545 2975 Ἰδαίου,
569 2891 660 2956 ὠσάν
684 2896 770 2955 είποι
792 2913 841 2965 τις
864 2889 904 2953 τά
927 2891 989 2974 όρη
1011 2900 1073 2955 τοῦ

52 2990 185 3063 Ἰδαίου.
227 2996 290 3062 είσλ
309 2995 346 3062 δὲ
369 3007 471 3062 ταῦτα
494 2999 534 3062 τὰ
557 3000 629 3083 όρη,
653 2997 748 3061 ἅτινα
771 3000 891 3061 καλοῦ·
929 3003 955 3058 ξ’.
970 3007 1118 3064 πῶςόνοαά·

57 3121 112 3169 σιν
137 3106 283 3190 σήμερον
307 3105 342 3170 οί
365 3108 507 3189 Τοῦρκοι
536 3113 575 3189 τή
605 3102 731 3167 ἑαυτῶν
754 3102 888 3187 χλώσση
925 3076 1115 3209 Ξζᾞοῦζζζζῖρζζ

56 3211 115 3286 κάς
144 3211 204 3292 τάχ
232 3212 305 3293 ήτοι
333 3211 456 3293 βουνὸς
483 3220 550 3274 τῶν
578 3220 702 3294 χηνῶν·
739 3209 799 3286 κάς
825 3209 889 3294 γάρ
953 3215 1087 3281 ’mamam

55 3313 134 3401 παρ’
172 3315 282 3379 αὐτῶν
314 3314 441 3399 λέγεται
475 3315 492 3380 6
525 3316 587 3400 χήν
614 3312 669 3380 καὶ
696 3317 758 3398 τάχ
786 3314 804 3379 6
834 3315 964 3397 βουνός.
1011 3312 1071 3378 οὐκ

130 3479 153 3529 6.
174 3479 188 3526 7
209 3470 348 3542 χενήσαρη
368 3472 432 3528 Vat.
510 3472 567 3527 νθ.
586 3470 682 3541 ὑψηλὰ
700 3472 780 3526 deest
798 3471 831 3524 V.
911 3470 943 3535 ξ’.
963 3467 1071 3539 ὠνομά-

57 3545 134 3608 ζονσι
154 3543 233 3599 codd.
