2408 3826
455 175 673 240 „33-

43 329 178 417 Ῥώμης
201 335 248 410 είς
270 333 309 397 τά
331 334 418 399 κάτω
442 333 524 420 με’ρη
548 337 705 418 αἰγιαλός.
732 333 858 418 ὑπήρχε
877 336 960 419 άλλη
979 337 1074 418 βασι-

54 442 130 505 λεία
153 443 226 505 τότε
251 441 331 526 ίόίοι,
354 440 478 524 μεγάλη
502 438 557 506 καὶ
581 439 777 526 ἰσχυροτέρα
795 442 881 526 παρὸ
899 441 961 524 τήν
979 444 1081 524 βασι.

54 547 151 610 λείαν
175 555 232 630 τής
250 544 375 631 Ῥώμης
397 555 442 635 τῷ
466 555 571 636 καιρῷ
595 547 718 636 ἐκείνω.
760 546 829 612 ἐκεῖ
848 554 933 629 γοῦν
956 550 1082 630 ἔλεγον-

53 652 93 716 οί
109 653 253 736 μάντεις,
278 653 328 718 ὅτι
347 657 417 718 ἔστι
435 652 536 737 μέγας
554 651 609 718 καὶ
627 653 816 737 θαυμάσιος
834 653 960 737 μάντις,
984 654 1074 730 ὅστις

55 759 200 825 δύναται
223 761 316 825 λύειν
338 759 394 826 καὶ
418 762 612 844 διασαφεῖν,
640 763 675 824 τί
695 760 851 844 βούλεται
873 761 910 824 τὸ
934 769 1073 844 σημεῖον

53 874 168 949 τοῦτο,
191 867 291 943 ἄλλος
314 863 351 931 δὲ
375 866 495 943 οὐδείς.
523 866 657 951 ἐποίησε
680 875 779 932 τοῦτο
804 865 821 930 6
845 868 1001 949 βασιλεὺς
1018 863 1073 931 καὶ

54 970 227 1037 ἀπέστειλε
249 975 452 1057 πρεσβευτάς
474 974 556 1059 πρὸς
579 974 638 1038 τὸν
661 973 780 1056 μάντιν
804 972 942 1037 ἐκεῖνον.
974 972 1073 1037 ἀκού-

56 1094 119 1154 σας
140 1075 177 1143 δὲ
195 1079 213 1144 6
233 1080 348 1164 μάντις
366 1081 455 1164 παρά
473 1091 540 1144 τών
559 1078 732 1164 πρέσβεων
750 1081 787 1144 τὸ
813 1089 951 1163 σημεῖον
973 1087 1072 1143 τοῦτο

56 1183 193 1267 ἐνόησε,
225 1185 275 1249 ὅτι
308 1187 354 1262 είς
387 1183 469 1269 μέγα
498 1185 629 1268 άγαθὸν
656 1195 714 1269 της
733 1184 856 1270 Ῥώμης
879 1183 1008 1269 ἐγένετο
1035 1186 1074 1249 τὸ

55 1301 197 1374 σημεῖον
224 1301 323 1356 τοῦτο
351 1289 406 1356 καὶ
435 1291 589 1376 ἐβούλετο
618 1293 723 1357 εἰπεῖν
755 1293 861 1374 άλλην
893 1292 991 1356 λύσιν
1018 1287 1073 1355 καὶ
1094 1307 1128 1354 10

55 1394 213 1479 ἐξήγησιν
246 1399 332 1483 παρὸ
365 1398 425 1481 τήν
457 1397 623 1482 ἀληθινήν
655 1400 701 1474 είς
734 1397 863 1475 αὐτούς.
910 1392 1004 1462 οὗτοι
1038 1394 1075 1461 δὲ

54 1502 268 1586 παρεκάλουν
296 1502 414 1586 αὐτόν,
443 1503 499 1568 ἵνα
526 1510 601 1589 είπη
631 1505 744 1580 αὐτοῖς
770 1514 882 1569 πᾶσαν
908 1505 969 1588 τήν
997 1503 1075 1587 άλή-

54 1615 158 1673 θειαν
190 1607 245 1673 καὶ
277 1609 320 1694 μή
351 1613 613 1695 παραλογίσηται
649 1609 771 1686 αὐτοὺς
804 1608 859 1675 καί
888 1617 963 1695 είπη
991 1611 1074 1674 άλλα

55 1712 133 1780 ἀντὶ
156 1715 275 1780 ἄλλων.
305 1714 457 1800 νικηθείς
481 1711 543 1781 οὖν
566 1716 584 1781 6
604 1717 721 1802 μάντις
738 1716 803 1781 ὑπὸ
822 1727 890 1781 τῶν
925 1746 967 1804 γη,
996 1744 1115 1806 ἀπόφασις

52 1823 297 1904 παρακλήσεων
333 1817 402 1888 εἶπε
438 1824 521 1908 πρὸς
550 1823 688 1900 αὐτούς·
725 1821 890 1888 άπέλθατε
912 1815 1127 1880 ῖοῧῖάπωῖωῖῑ

996 1886 1003 1902 (

53 1928 179 2012 ἄνδρες
197 1925 352 2013 Ῥωμαῖοι
375 1927 429 1993 καὶ
454 1935 564 1995 είπατε
582 1937 628 2017 τῷ
647 1933 779 2014 βασιλεῖ
795 1930 890 2013 ὑμῶν
913 1891 1128 2021 ,ἶήὶἱὲἴῗίσῗμ

53 2030 114 2097 καί
141 2042 222 2098 πᾶσι
248 2043 318 2110 τοῖς
335 2031 521 2119 Ῥωμαίοις,
554 2035 605 2100 ὅτι
636 2038 805 2121 πρόκειται
832 2036 888 2100 ἵνα
911 2033 1028 2118 Σαωῖῖῑῖ
1063 2029 1129 2093 λόφῳ

54 2136 193 2223 γένηται
224 2141 351 2224 κεφαλή
383 2149 444 2205 τοῦ
475 2143 604 2225 κόσμου
636 2141 717 2206 ὅλον
744 2140 762 2206 6
790 2144 890 2218 τόπος
913 2104 1129 2228 ἕζοτῑωῖηἶζζέᾗὶἵς

54 2244 186 2321 ἐκεῖνος
209 2237 294 2333 ἐνῷ
322 2243 445 2330 εὑρέθη
474 2247 494 2330 ή
521 2247 648 2330 κεφαλή
678 2247 776 2330 αὕτη,
804 2248 891 2330 πλήν
1039 2243 1049 2256 ”

55 2351 116 2416 διά
137 2350 291 2436 πολέμων
314 2351 369 2416 καί
393 2363 534 2436 σφαγῶν
555 2349 611 2416 καὶ
629 2351 777 2436 αἱμάτων
795 2356 937 2417 πολλῶν.
969 2361 1072 2417 ταῦτα
1091 2370 1128 2418 20

55 2457 262 2534 ἀκούσαντες
293 2458 329 2522 οῖ’
357 2456 511 2544 πρέσβεις
543 2457 746 2542 ἀπήγγειλαν
781 2466 827 2546 τῷ
859 2460 991 2541 βασιλεῖ
1020 2455 1075 2523 καί

55 2574 130 2640 τοῖς
147 2561 319 2649 Ῥωμαίοις
345 2573 426 2629 πᾶσι
456 2565 536 2648 μετά
565 2574 668 2650 χαρᾶς
691 2566 834 2649 μεγάλης
860 2563 915 2630 καὶ
939 2563 956 2628 6
981 2567 1099 2647 βασι--

58 2672 140 2746 λεώς
162 2671 242 2754 μετά
266 2671 415 2754 σπονδῆς
437 2669 594 2754 ἐποίησεν
615 2671 675 2735 τὸν
698 2672 782 2735 ναὸν
801 2680 861 2736 τοῦ
880 2673 972 2746 Διός.
1010 2670 1074 2735 άπὸ

55 2778 134 2842 τότε
153 2776 278 2860 ἐκλήθη
298 2776 316 2841 6
336 2780 440 2860 λόφος
459 2776 585 2852 ἐκεῖνος
603 2779 833 2853 Καπιτωλῖνος
851 2778 957 2859 ήγονν
975 2778 1075 2853 τόπος

55 2890 118 2965 τῆς
140 2887 297 2966 κεφαλής·
325 2883 445 2948 κάπιτα
468 2884 530 2967 γάρ
555 2882 591 2947 oc
605 2879 759 2966 Ῥωμαῖοι
786 2881 922 2964 λέγουσι
944 2883 1001 2959 τάς
1023 2907 1075 2948 κε-

56 2987 177 3072 φαλάς.
224 2986 287 3053 άπὸ
311 2989 432 3053 τούτου
455 2996 516 3053 τοῦ
538 2988 728 3073 πράγματος
748 2988 907 3071 ἐποίησαν
927 2989 962 3053 οἱ
981 2989 1074 3054 ὕστε-

58 3117 124 3180 ρον
147 3097 293 3177 βασιλεῖς
316 3103 463 3178 μονήταν
485 3096 592 3178 ήγονν
615 3096 676 3178 τήν
701 3095 873 3172 ἰδιωτικῶς
891 3095 1075 3180 λεγομένην

57 3201 224 3284 στάμπαν,
249 3195 293 3265 δι’
319 3195 358 3284 ής
381 3201 568 3286 ἐχάρασσαν
590 3203 776 3285 νομίσματα
799 3203 846 3278 είς
869 3203 929 3285 τήν
947 3200 1075 3285 Ῥώμην

59 3309 179 3390 ἔχοντα
216 3304 421 3391 ἐπιγραφήν·
467 3302 590 3391 Ῥοόμα
623 3306 749 3372 κάποντ
785 3308 926 3391 μούντη,
968 3308 1075 3389 ήγονν

135 3468 166 3516 13
185 3461 416 3533 παραλογήσηται
435 3464 515 3518 οοόά.
606 3463 655 3533 λη’.
676 3463 848 3533 εὑρεθοάσης
866 3464 899 3518 V.
973 3470 1006 3518 27
1027 3484 1077 3535 μο-

58 3534 143 3588 νίταν
163 3534 243 3587 codd.

112 3631 146 3670 Io.
159 3631 337 3684 Kamvms,
352 3633 385 3674 ed.
401 3634 558 3677 Lehnerdt.
863 3630 883 3678 ’ὃ
