2408 3826
467 143 684 207 -79..

104 295 253 368 παρέδωκε
274 296 306 353 τὸ
326 294 408 353 ἔν’
372 299 449 371 αυτῷ
464 294 553 385 φρού-
643 297 684 362 είς
719 296 771 367 τὴν
803 297 1001 388 Σαμοθράκην
1038 301 1087 356 καὶ

106 389 168 458 ριον
185 376 244 433 τοις
256 371 393 441 Σαβίνοις
408 353 553 439 Ταρπήιος
643 365 719 433 ὅπως
746 332 903 457 άνομάσθη
929 369 961 426 τὸ
988 375 1086 442 νησίον

94 436 271 527 ὠνομάσθη.
642 442 726 496 τοῦτο
745 433 888 511 Σαμοθρ’
868 463 934 529 μκη.
1048 465 1050 469 ’

68 508 111 583 μ’.
136 505 181 567 ὅτι
199 511 230 566 τὸ
246 508 375 601 φρινερδν
390 510 439 565 καλ
454 507 552 597 ὁμολο·
606 510 663 566 να’.
690 513 755 601 περὶ
778 518 899 583 νυμφῶν
922 501 1044 577 τθεςί
1015 513 1087 569 είσλν

104 578 246 672 γοάμενον
270 579 288 651 6
305 578 395 666 Ῥάμη
419 577 477 636 άπὸ
496 583 552 635 των
641 583 690 637 καλ
708 581 784 638 πόσα
803 582 870 652 γένη
889 581 997 639 τούτων
1015 583 1087 640 είσλν

104 650 258 722 άτογόνων
280 654 336 707 τῶν
355 649 460 722 Τρώων
480 648 551 707 έκτί-
641 650 721 707 καλ”
705 674 748 708 οτι
762 654 830 724 γένη
846 653 991 746 δαιμόνων
1005 655 1085 724 είσίν,

100 730 221 813 σθη
183 725 231 780 καλ
251 722 374 791 οίκίσθη.
641 747 660 779 α
645 719 808 779 “καλοῦσιν
828 745 856 780 οι
848 723 965 781 ’κοινοὶ
982 729 1087 800 βαρβα-

59 793 138 886 μα’.
152 816 196 850 οτι
211 793 226 849 6
242 792 432 921 μαρβαρισμὸς
450 790 499 848 διὰ
517 792 550 848 τὸ
641 798 763 884 ρίζοντες
781 800 979 884 666666666.⁴

104 865 188 937 γένος
205 887 242 921 κα
268 886 320 954 την
330 866 461 953 γλῶσσαν
475 862 551 933 λέγε·
605 866 661 953 νβ’.
688 868 752 920 τίνα
776 865 935 954 συνήθειαν
958 865 1089 955 εἶχον
1059 888 1087 923 οι

104 959 165 1006 ται,
185 934 217 992 06
239 935 286 991 διά
306 933 358 1022 τὴν
377 937 479 989 πίστιν.
634 931 767 1005 ’Έλληνες
785 933 867 992 καλ”
851 958 927 1001 οπως
941 936 1006 1001 τους
1020 958 1087 1026 κιρρ-

68 1006 128 1083 μβῖ
158 980 355 1098 άπὸδειξις”
340 1025 383 1060 οτι
415 1006 464 1061 καὶ
495 1007 552 1060 τῶν
640 1007 810 1096 τερημένους
829 1005 1001 1095 ἀνθρώπους
1021 1006 1086 1063 666-

107 1075 249 1166 Τρωων
221 1100 254 1133 το
262 1076 343 1148 γενος
353 1069 523 1145 ελληνικον
505 1097 550 1146 ην
640 1074 741 1134 λουν”
722 1099 825 1148 ηρωας,
840 1076 890 1142 τάς
904 1079 936 1135 δέ
930 1099 1085 1165 προτερη-

69 1148 129 1220 μγ’.
155 1150 220 1221 ιιερλ
237 1145 381 1210 Ἀτλαντος
399 1150 449 1202 τοῦ
471 1151 550 1219 βασι·
640 1150 728 1237 μένας
746 1157 883 1218 γυναῖκας
901 1149 1026 1242 νύμφας.

104 1219 174 1284 λέως
196 1222 247 1290 τῆς
262 1216 407 1307 Ἀρκαδίας
427 1218 476 1273 καλ
494 1221 549 1273 τῶν
604 1241 660 1290 νγ.
686 1222 716 1274 τί
738 1218 928 1310 ἐποίησαν
898 1242 925 1276 οι
941 1219 1086 1289 Ἀθηναῖοι

105 1297 145 1347 θυ
166 1292 273 1378 ατέριρν
291 1287 391 1345 αὐτοῦ.
640 1292 875 1379 παραγενομένου
890 1313 940 1347 του
928 1294 1086 1362 καίσαρος

68 1361 128 1435 μδ’.
149 1359 340 1425 οπωςοΖευς
354 1356 531 1450 ἐποίησεν
500 1381 551 1423 τας
641 1361 681 1425 είς
699 1382 749 1424 τας
765 1358 893 1450 Ἀθήνας

104 1433 266 1524 θυγμτέρας
315 1437 365 1487 τοῦ
407 1428 551 1494 Ἀτλαντος
604 1431 661 1489 νδ’.
681 1428 725 1487 ὅτι
739 1428 788 1487 οῖ’
784 1438 926 1520 Ελληνες
919 1434 968 1488 καλ
983 1429 1084 1522 ὁΔάρ-

104 1501 241 1593 ἀστέρας
640 1506 727 1566 δανος
755 1501 850 1589 ὀλίγον
877 1501 979 1574 χρόνον
1002 1505 1086 1590 ποιή-

69 1573 126 1646 με’.
153 1572 196 1630 ὅτι
215 1572 247 1630 τὸ
266 1569 419 1645 λεγόμενον
440 1569 549 1638 ἕξάστε-
640 1593 739 1637 σαντες
760 1571 846 1637 είς
818 1595 871 1659 την
888 1573 1086 1650 Σαμοθρᾴκην

105 1667 155 1716 ρον
183 1640 200 1716 ἣ
229 1646 279 1700 καὶ
305 1645 406 1699 πουλία
438 1644 550 1730 λέγετριι
640 1643 670 1699 06
685 1646 813 1708 πλείονες
831 1641 917 1700 πάλιν
942 1631 1084 1716 ἐπέρασαν

104 1715 137 1772 66
158 1714 316 1804 θυγατέρες
341 1716 391 1770 606
405 1711 550 1776 ’Ἀτλαντός
640 1713 728 1778 είς
699 1736 750 1785 την
769 1713 922 1803 άνατολήν.

105 1787 159 1843 είσι
177 1785 250 1842 κατὰ
269 1783 319 1841 τὸν
339 1788 443 1856 μῦθον.
604 1784 657 1842 νε’.
681 1786 746 1852 ιιερλ
768 1788 819 1841 τοῦ
842 1784 974 1842 θανάτου
991 1783 1083 1874 Ἰάσορ

68 1856 128 1930 με’.
147 1861 315 1950 γενεαλογία
329 1862 380 1912 τοῦ
396 1853 559 1940 Δαρδάνου
639 1859 690 1912 τοῦ
709 1853 836 1942 ἀδελφοῦ
852 1853 1039 1947 Δαρδάνου
1025 1855 1083 1913 υπὸ

103 1932 152 1985 καὶ
170 1932 227 1984 των
246 1928 316 1984 6666
335 1924 433 1982 αὐτοῦ.
640 1929 781 1997 κεραυνοῦ
801 1927 888 1990 είς
858 1948 911 1997 την
927 1927 1084 2004 Σαμοθρά-

69 1999 125 2072 μζ.
155 2001 293 2087 περὶτοῦ
318 1995 440 2069 μεγάλου
464 2018 548 2053 κατα·
639 2019 701 2087 κην.

103 2073 228 2160 κλυσμοῦ
262 2067 337 2133 ὅστις
368 2065 480 2158 ἐγένετο
510 2067 549 2131 είς
604 2068 660 2128 νς’.
679 2071 744 2140 περὶ
758 2072 808 2126 τοῦ
818 2066 1040 2196 Ελληστόντου
1043 2072 1084 2133 τίς

103 2162 156 2212 την
171 2144 340 2232 Ἀρκαδίαν
330 2137 409 2194 κάλ’
393 2161 468 2202 οπως
480 2138 549 2225 ἔφυ·
641 2137 698 2195 ἐστι
708 2161 756 2194 και
748 2139 876 2210 ι’στορία
887 2162 963 2204 οπως
974 2137 1083 2210 ἐκλήθη

103 2233 155 2282 γον
175 2209 340 2268 έκεῖθεν’
311 2233 339 2267 οι
353 2208 482 2281 Ἀρκάδες
500 2207 548 2264 διά
635 2208 844 2300 Ελλήσιιοντος.

104 2283 248 2354 στέρευσιν
267 2285 317 2352 τῆς
334 2283 447 2351 τροφῆς.
603 2280 655 2349 νζ’.
676 2277 751 2344 ὅπως
769 2277 987 2370 ἐμερίσθησαν
977 2301 992 2335 ο
1007 2278 1083 2369 Δάρ-

69 2355 129 2441 μη’
155 2354 293 2423 περὶτῆς
317 2354 480 2441 διαιρέσεως
500 2353 549 2420 τῆς
639 2355 726 2415 δανος
760 2348 857 2407 καὶ
846 2373 862 2406 ο
894 2349 957 2415 υίὸς
993 2348 1083 2406 66606
1133 2356 1139 2365 '

104 2421 169 2513 ὅλης
193 2426 242 2494 γῆς
265 2424 305 2487 είς
320 2420 411 2478 Ἀσίαν
434 2423 483 2477 καὶ
501 2430 547 2477 Λι-
635 2420 744 2486 Ἰδαιος

103 2494 177 2583 βάην
196 2495 245 2550 καὶ
263 2491 414 2578 Εὐρώπην.
601 2493 659 2564 νη’.
678 2497 719 2557 τίς
734 2489 840 2564 ἐστινὴ
857 2495 966 2563 Φρυγία
983 2497 1083 2549 καλου·

68 2564 132 2654 μθ’.
138 2567 259 2653 περὶ
226 2587 276 2635 της
282 2562 400 2652 Θρακης
413 2566 454 2626 τίς
465 2560 547 2620 ἔστιν
638 2567 768 2654 με’νη.

67 2635 106 2694 ν’.
136 2634 181 2693 ὅτι
204 2634 219 2692 6
244 2620 394 2725 Δάρδανος
422 2633 547 2701 ἐξελθὼν
601 2633 662 2691 νθ’.
689 2656 734 2691 οτι
757 2632 772 2692 ὁ
794 2633 898 2724 Ἰδμιος
920 2634 1082 2719 κατῴκησεν

103 2704 162 2763 άπὸ
180 2709 240 2793 τῆς
246 2704 391 2792 Ἀρκαδίας
408 2706 547 2794 κατήντη-
639 2703 726 2769 είς
696 2727 731 2762 τα
731 2703 886 2794 ὑψηλά’
872 2726 922 2793 υρη
941 2708 992 2793 τῆς
1011 2709 1083 2775 Φρυ-

103 2796 151 2834 σεν
175 2775 245 2849 μετὰ
268 2779 318 2834 τοῦ
341 2774 438 2832 στόλου
458 2773 547 2832 αὐτοῦ
637 2771 746 2847 γίας,”
725 2798 810 2832 ατινα
825 2773 973 2847 άνόμασεν
984 2772 1082 2831 Ἰδαῖα.

67 2988 311 3117 ωἰυυμΡΙέέίοῗοάι
326 2991 459 3128 ἐθθοάάοε
483 2985 645 3128 seq6unt66
649 2988 1084 3145 n61i106666666r16pu666i066-

68 3133 149 3189 sium
169 3133 203 3189 cf
223 3132 383 3201 Eudociap
386 3136 468 3186 566.
489 3132 531 3186 ed
551 3130 647 3186 Flach
691 3162 700 3178 ι
734 3126 772 3184 ν’.
792 3130 908 3200 Dionys
928 3133 949 3197 Ι,
969 3137 1010 3185 61.

66 3201 126 3259 ια’
145 3151 417 3272 Eudoep.6076d.
432 3203 528 3257 Flaeh
600 3201 656 3283 νβ.
676 3202 805 3256 Eustath
821 3201 853 3255 ll.
867 3208 948 3271 p.1'1.
977 3200 1082 3255 Eudoc.

66 3279 162 3343 p.350
187 3276 229 3329 ed.
249 3222 345 3328 6661.
435 3270 491 3327 νδ’.
512 3272 566 3327 νε’.
591 3273 703 3342 Βιουγε.
727 3272 752 3338 Ι,
772 3278 815 3326 61.
910 3270 966 3330 νς’.
990 3270 1083 3326 Philo-

68 3345 221 3414 stephanus
246 3363 290 3414 ομ.
312 3343 451 3400 Schol.l
428 3343 460 3399 Il
481 3348 511 3397 Η
529 3350 570 3399 86.
609 3350 651 3410 45,
667 3349 700 3398 22
723 3313 870 3411 Ἀθηναιοι
891 3360 942 3413 pro
963 3343 1084 3427 Θηβαῖοι

65 3433 117 3539 Ber
135 3417 246 3540 lapspm
266 3415 371 3471 calami
390 3414 524 3484 seriptum
544 3418 594 3471 est.
668 3414 721 3479 νζῖ
741 3414 856 3485 Dionys
875 3416 896 3483 Ι,
911 3419 954 3469 61
1021 3408 1082 3468 νθ’.

92 3487 182 3557 ἰουγε.
215 3492 286 3556 ,61.
