2408 3826
477 177 694 231 ..χχ-

74 328 198 412 butzes,
216 326 421 393 Palamedem
436 349 507 392 esse
521 332 674 412 putamus
681 324 717 412 ¹),
735 327 837 413 frater
852 326 1088 416 (αὐτάδελφος)

75 432 146 497 cius
166 432 270 498 'Lesbi
296 433 447 519 princeps
478 434 534 518 qui
566 439 838 500 commemoratur
871 439 921 500 est
947 425 1089 501 Dorinus

48 537 279 625 ,Gattilusius
325 538 359 604 Is
386 543 462 624 post
489 538 809 624 Constantinopolim
839 544 969 625 captam
993 542 1089 607 simul

70 666 146 709 enm
164 643 339 711 Palamede
357 646 486 731 legatos
505 646 545 710 ad
564 644 788 710 Mahometum
811 645 910 731 misit,
933 645 988 732 qui
1011 649 1089 712 utri·

72 772 146 834 que,
169 755 207 815 ut
228 753 265 815 in
286 754 448 835 potestate
473 773 533 817 sua
551 754 704 834 maneret,
723 753 892 817 concessit.
937 752 1088 818 Mortuus
1164 792 1169 800 ·

72 860 125 919 est
155 857 330 923 secundum
357 857 481 923 Ducam
511 854 551 943 (o.
574 857 619 923 44
641 880 673 941 p.
692 856 756 924 328
785 858 833 923 ed.
856 857 975 942 Bonn.)
1004 880 1089 933 anno

74 963 170 1034 1455.
219 963 324 1032 Pilius
356 963 541 1030 Nicolettus
571 964 678 1028 ins'ula
709 963 815 1029 Lesbo
848 986 868 1028 a
901 963 1088 1031 Mahometo

73 1069 220 1154 privatus
244 1073 295 1134 est
318 1091 403 1135 anno
429 1069 515 1135 1462
539 1066 711 1156 (Critobul.
728 1068 786 1154 IV,
811 1070 950 1136 11-13.
979 1071 1087 1136 Ducas

66 1198 99 1241 c.
118 1176 163 1241 45
186 1198 217 1259 p.
236 1171 327 1262 345).
1153 1167 1155 1173 ἲ

63 1372 66 1378 ,
161 1299 322 1378 Quoniam
353 1300 392 1364 de
419 1299 529 1385 patria
557 1303 590 1363 et
619 1302 724 1363 aetate
752 1300 897 1386 vauctoris
927 1321 1008 1385 quae
1031 1322 1089 1384 po·

70 1409 179 1471 terant
210 1405 404 1492 investigari
436 1405 683 1490 proposuimus,
714 1404 752 1470 de
786 1403 994 1470 Oanabutzae
1022 1407 1112 1497 elo·¹
1165 1457 1169 1464 .

71 1497 211 1578 cutione
229 1516 263 1576 et
292 1511 401 1576 indole
423 1533 528 1596 pauca
557 1511 709 1576 videntur
731 1511 875 1578 dicenda.
921 1510 1029 1596 Atque
1053 1513 1089 1578 in

72 1618 229 1702 scriptore
246 1617 423 1702 byzantino
438 1617 559 1682 saeculi
573 1616 654 1682 XIV
668 1618 719 1681 vel
733 1616 796 1682 XV
810 1638 913 1702 neque
929 1614 1088 1684 sermonis

73 1721 253 1809 puritatem
279 1743 382 1807 neque
412 1722 663 1788 concinnitatem
692 1723 927 1788 sententiarum
949 1724 1089 1790 inveniri
1156 1805 1157 1808 Ἴ

72 1851 169 1919 nemo
182 1829 365 1894 mirabitur.
382 1828 428 1894 Et
442 1829 588 1913 profecto
602 1828 689 1925 haud
703 1840 778 1894 r'aro
793 1829 999 1913 reperiuntur
1012 1831 1085 1916 loci,

70 1936 128 2000 ubi
147 1935 224 2020 quid
238 1935 301 2000 sibi
314 1935 456 2000 voluerit
474 1938 586 2000 auctor
604 1935 660 2001 vix
678 1935 748 2020 ipsc
768 1934 899 2020 quidem
919 1938 1085 2023 cognitum

69 2042 224 2107 habuisse
238 2041 394 2107 videatur.
422 2042 542 2107 Parum
560 2042 648 2106 enim
668 2045 718 2106 est
735 2043 877 2108 dilucida
891 2032 1038 2129 elocutio,
1057 2046 1086 2110 si

44 2149 256 2230 ¹consecutio
287 2148 460 2214 verborum
492 2149 643 2233 neglecta
675 2145 749 2233 est,
771 2155 799 2214 si
825 2154 959 2234 propter
989 2152 1087 2216 inter-

70 2253 251 2338 positiones
274 2255 391 2339 longas
415 2253 639 2319 obliviscimur
659 2275 741 2340 quae
759 2254 853 2320 initio
873 2256 997 2338 longae,
1016 2277 1086 2320 sen·

70 2359 248 2425 tentiarum
281 2360 534 2426 continuationis
567 2361 608 2425 ab
642 2363 773 2426 auctore
810 2360 898 2457 dicta
935 2365 1022 2447 sunt,
1060 2363 1088 2426 si

72 2465 275 2531 anacoluthis
308 2464 446 2551 aliisque
479 2458 636 2550 peccatis
658 2465 850 2554 elocutionis
887 2466 1088 2532 deformatur

70 2572 187 2638 oratio.
232 2572 367 2638 Accedit
402 2572 489 2658 quod
522 2573 716 2657 byzantinae
743 2573 950 2657 loquacitatis
983 2595 1088 2639 exem·

71 2679 164 2763 plum
188 2682 239 2743 est
267 2677 520 2762 odiosissimum,
548 2680 640 2744 cuius
667 2679 715 2743 rei
742 2679 964 2745 testimonium
987 2702 1087 2745 unum

72 2806 90 2847 e
114 2785 225 2850 multis
247 2783 434 2867 depromere
453 2784 534 2849 mihi
552 2785 657 2849 liceat.
703 2781 983 2851 Commemoratur
1002 2787 1088 2871 apud

72 2888 270 2974 Dionysium
293 2890 324 2974 I,
348 2890 390 2954 67
423 2891 578 2977 Σάτυρος
612 2889 630 2956 ὁ
658 2892 737 2968 τοὺς
769 2890 927 2978 ἀρχαίους
956 2893 1089 2978 μύθους

70 2996 281 3079 συναγαγών.
325 2994 354 3060 Ε
378 2996 496 3080 'quibus
521 2996 598 3082 quid
620 2997 701 3062 facit
723 2994 949 3062 Ganabutzes?
966 2994 1002 3062 ‘0
1020 2999 1088 3063 Σά-

69 3125 183 3188 τυρος,
205 3102 297 3180 ’ὅστις
325 3103 492 3186 συνήγαγε
519 3101 574 3168 καὶ
602 3100 767 3187 συνέθηκε
794 3101 850 3168 καὶ
873 3106 1072 3190 ἔγραψεν
1040 3128 1088 3182 e

144 3261 171 3331 1)
195 3258 422 3330 Schlumberger,
452 3258 670 3328 numismatique
698 3260 734 3314 de
759 3259 873 3316 l'orient
896 3259 1010 3329 lutinp
1013 3265 1087 3315 ,433

70 3330 151 3384 fonte
169 3347 226 3386 non
250 3333 469 3386 commemorato
487 3330 669 3385 Palamedem
688 3329 801 3412 demum
820 3330 1053 3386 Samothracen
1045 3350 1087 3386 rn-

71 3400 190 3456 sulam
181 3420 211 3456 rn
229 3401 344 3457 feudum
361 3401 503 3472 accepisse
522 3400 600 3456 dicit
638 3401 760 3469 Quod
738 3419 766 3456 su
781 3401 827 3456 ito.
842 3403 902 3467 est
915 3403 1027 3477 ausus
1020 3418 1103 3464 aava

72 3473 231 3600 coniecti&
254 3474 353 3545 adepti
378 3491 488 3545 sumus,
521 3473 725 3532 Canaloutnam
749 3472 814 3529 erus
834 3472 1008 3524 nemausas
958 3483 1008 3518 aas
1004 3479 1100 3528 mmo

64 3557 111 3596 0θῖ
142 3562 169 3597 m
