2408 3826
476 200 698 265 ..75-

67 361 158 426 ναὸν
189 367 247 443 της
275 357 399 445 Ῥώμης
430 355 519 442 λέγει
552 358 570 424 6
597 358 782 434 Διονύσιος
815 357 865 422 ὅτι
893 355 1092 441 ἐφυλάττετο

64 465 140 532 ύπὸ
172 476 241 531 τῶν
273 464 454 549 παρθένων
490 463 547 531 καί
579 465 711 549 ἐτιμᾶτο
742 461 798 529 καὶ
835 465 874 530 τὸ
906 463 1093 529 παλλάδιον

76 572 182 638 ἐκεῖνο
212 571 294 658 ὅπερ
323 572 477 657 ἐκόμισεν
504 570 559 637 καὶ
590 573 715 656 ἤγαγεν
742 569 761 635 6
784 571 921 646 Αἰνείας
948 568 1012 635 άπὸ
1034 576 1094 652 τῆς

81 679 238 764 Τρωάδος
264 676 319 744 καί
349 681 472 762 έθηκεν
500 680 547 755 είς
576 679 614 742 τὸ
638 677 835 758 Λαιούνιον,
860 678 945 740 ἔνθα
968 676 1093 760 φυλάτ-

65 801 191 850 -τουσιν
219 784 258 849 αί
283 783 368 869 ίεραὶ
397 783 564 871 παρθένοι
586 780 641 848 καί
663 785 701 849 τὸ
723 791 790 868 πῦρ
819 784 991 867 άσβεστον.
1037 782 1093 846 διδι

77 887 113 957 δέ
134 892 451 976 ταπεινοφροσύνην
473 888 723 977 πεπαιδευμένῳ
751 889 920 976 ἀνθρώπῳ
948 885 1093 975 πρέπου-

70 1014 138 1063 σαν
170 994 260 1081 λέγει
291 998 343 1063 ότι
375 997 439 1081 ἐγὼ
474 993 536 1081 μέν
569 996 675 1073 ούτως
709 995 905 1080 στοχάζομαι
940 995 1004 1062 άπὸ
1036 1001 1094 1078 τῆς

71 1113 205 1189 γραφῆς
231 1115 299 1169 τῶν
327 1104 517 1187 ἱστορικῶν,
551 1103 640 1188 ὅμως
672 1101 837 1186 ἐνδέχεται
867 1097 953 1166 είναι
981 1102 1018 1167 έν
1046 1110 1092 1189 τιβ

75 1218 144 1298 ναῷ
170 1209 279 1297 τούτῳ
307 1218 365 1293 τῆς
388 1206 517 1286 Ἑστίας
545 1207 639 1294 έτερα
666 1208 840 1293 πράγματα
867 1208 956 1291 παρά
978 1216 1092 1292 ταῦτα,

72 1315 159 1402 άπερ
181 1315 275 1401 ἡμεῖς
298 1315 334 1381 ολ
354 1314 484 1394 άνάξιοι
505 1313 561 1380 καὶ
584 1312 801 1399 μεμιασμένοι
825 1311 881 1378 καὶ
904 1313 1093 1400 ἁμαρτωλοὶ
1114 1328 1146 1380 10

77 1421 116 1487 οὐ
147 1423 365 1506 γινώσκομεν.
414 1419 470 1487 καί
504 1420 651 1487 ἐνταῦθα
683 1422 859 1503 καταλήγει
891 1420 909 1485 6
943 1422 1042 1504 λόγος
1073 1421 1092 1488 6

77 1526 151 1613 περὶ
177 1539 246 1594 τῶν
273 1538 425 1614 τρωικῶν
452 1534 545 1592 θεῶν
574 1524 618 1593 δι’
653 1525 712 1603 οὓς
739 1525 965 1610 ἐμνημόνευσε
991 1527 1093 1592 πάλιν

71 1641 131 1718 της
153 1631 382 1722 Σαμοθρᾴκης
409 1633 427 1699 6
455 1633 654 1715 Διονύσιος,
683 1632 728 1710 ὡς
753 1642 821 1696 τῶν
848 1639 941 1697 θεῶν
963 1633 1093 1698 τούτων

78 1737 131 1804 καὶ
152 1750 220 1804 τῶν
250 1741 443 1805 παλλαδίων
470 1749 604 1825 πρῶτον
634 1737 697 1804 άπὸ
729 1745 787 1821 τῆς
815 1733 989 1821 Ἀρκαδίας
1017 1762 1093 1804 κατ-

73 1847 292 1929 αντησάντων
325 1846 394 1913 ἐκεῖ
418 1844 473 1911 καί
501 1844 711 1931 τιμηθέντων
737 1841 792 1909 καὶ
819 1842 1015 1929 τιμωμένων
1037 1842 1093 1909 καί

78 1951 323 2038 έορταζομένων
346 1951 441 2038 μέχρι
463 1963 531 2018 τῶν
553 1951 686 2038 ἡμερῶν
709 1951 814 2017 αὐτοῦ
836 1953 922 2036 παρὸ
946 1952 993 2027 είς
1014 1954 1093 2029 τοὺς

74 2059 199 2136 άλλους
217 2056 389 2143 Ἕλληνας.
435 2055 491 2123 καὶ
518 2058 624 2135 οὕτως
650 2059 802 2142 παύομεν
831 2054 886 2122 καί
913 2057 1006 2141 ἡμεῖς
1033 2060 1093 2124 τὸν

72 2162 152 2250 περὶ
174 2166 304 2230 τούτων
326 2167 430 2249 λόγον
452 2162 507 2230 καὶ
529 2166 591 2247 τὴν
619 2165 763 2248 άμετρον
789 2160 844 2229 καὶ
871 2165 1093 2250 παρακαίριον

72 2272 290 2353 πολυλογίαν.
335 2270 356 2354 6
379 2271 443 2356 γάρ
472 2269 632 2354 ἐπαθυμία
658 2277 719 2334 τοῦ
746 2271 886 2352 ποιῆσαί
904 2291 936 2334 τι
958 2278 1094 2354 πρᾶγμα

76 2378 124 2454 είς
151 2376 340 2443 ἀνάπαυσιν
367 2386 425 2462 τῆς
447 2376 628 2452 αὐθεντίας
651 2392 714 2441 σου
740 2373 797 2442 καί
824 2374 862 2440 αί
887 2382 1092 2461 συμπεπλεγ-
1111 2397 1146 2446 20

71 2482 172 2566 μέναι
206 2493 278 2561 τοῖς
300 2485 427 2571 ιλόγοις
461 2492 523 2549 τοῦ
556 2484 745 2548 Διονυσίου
782 2481 925 2566 ίστορίαι
960 2480 1016 2547 καὶ
1052 2484 1093 2548 τά

71 2589 223 2675 ὀνόματα
249 2601 318 2656 τῶν
345 2593 458 2655 τόπων
484 2587 539 2655 καί
570 2589 606 2655 oc
630 2596 736 2674 μῦθοι
757 2599 825 2654 τῶν
848 2588 1015 2672 Ἑλλήνων
1037 2588 1093 2655 καί

70 2695 94 2779 6
118 2698 208 2761 αίτία
231 2704 288 2780 τῆς
312 2704 508 2783 συγγραφῆς
529 2704 588 2779 της
611 2695 757 2781 ίστορίας
779 2696 901 2779 ταύτης
926 2704 989 2761 τοῦ
1010 2700 1093 2763 Διο-

73 2805 196 2867 νυσίου
220 2802 414 2886 ηνάγκασάν
433 2825 473 2887 με
492 2804 540 2879 είς
557 2802 723 2885 τοσαύτην
741 2803 948 2885 πολυλογίαν
968 2802 1092 2886 ἐλθεῖν,

75 2908 267 2992 ύμηλότατε
285 2906 340 2974 καὶ
363 2905 690 2993 μεγαλοπρεπέστατέ
711 2931 768 2992 μοι
787 2905 945 2991 αύθέντα,
969 2909 1040 2991 η’τις
1063 2911 1095 2975 εί

73 3011 134 3099 μέν
159 3017 226 3099 ἐχει
248 3014 268 3099 6
297 3013 362 3094 έξει
388 3039 421 3080 τι
448 3016 611 3100 χρήσιμόν
640 3036 719 3080 ποτε
747 3024 815 3079 τῶν
837 3025 975 3099 καιρῶν,
998 3013 1092 3100 ἐξέβη

70 3121 155 3207 ὅπερ
177 3121 417 3206 ηβουλύθημεν
439 3119 495 3186 καὶ
519 3116 560 3186 οὗ
582 3119 823 3205 στοχασάμενοι
840 3121 967 3207 γράψαι
989 3129 1093 3186 ταῦτα

73 3228 309 3311 διενοήθημεν.
354 3228 386 3292 εί
407 3223 443 3292 δέ
470 3229 508 3292 τὸ
532 3225 688 3292 ἐναντίον
711 3226 800 3291 άπαν
827 3225 928 3309 ἐστίν,
953 3227 1093 3304 οὐδενὸς

70 3330 306 3418 βλαπτομένου
328 3334 349 3418 6
373 3332 495 3418 μέμψις
519 3330 574 3397 καί
595 3332 617 3416 6
640 3335 833 3418 κατηγορία,
860 3337 987 3417 μᾶλλον
1011 3329 1048 3397 δέ
1071 3332 1092 3416 6

145 3568 181 3617 20
201 3561 341 3616 αόθεντία
361 3560 424 3616 vat.
