2408 3826
358 168 693 242 ⁶-xn1-

65 339 152 402 dulis
183 337 392 420 persuadere,
423 359 488 402 non
522 337 586 401 nisi
619 358 658 402 ex
686 359 824 420 persona
859 339 1000 403 auctoris
1030 340 1079 404 sui

64 443 219 526 loquitur.
265 441 315 508 Of.
346 465 376 527 p.
401 443 495 525 36,2
528 436 622 506 εἷπον
653 451 753 507 τοῦτο
790 440 847 508 καὶ
883 444 978 508 ἄλλοι
1014 446 1079 526 πρὸ

65 549 148 633 ἐμοῦ
175 546 326 634 χρονιαοὶ
352 546 408 612 καὶ
436 546 598 633 ἱστορικοὶ
626 547 773 631 &treveg-
802 550 890 633 ὅμως
917 551 1080 634 βούλομαι

64 652 120 720 καὶ
143 654 208 738 ἐγὼ
231 657 336 720 εἰπεῖν
358 677 391 719 ττ
412 652 489 739 περὶ
510 655 639 720 τούτων
663 653 707 720 δι’
731 655 855 739 ὀλίγων
873 659 983 740 λόγων
1007 679 1080 721 eum

65 760 161 826 Dion.
184 761 209 846 I,
233 761 275 826 61
300 765 423 844 εἴρηται
447 757 509 845 μὲν
531 758 587 826 καὶ
605 762 719 839 ἄλλοις
736 760 803 826 τισὶ
825 762 936 845 πάλαι,
961 764 1080 846 λεχθή-

67 883 161 932 σεται
185 861 222 931 δὲ
243 862 299 932 ναὶ
320 867 404 952 πρὸς
426 867 508 952 ἐμοῦ
531 865 575 932 δι’
602 867 740 952 ὀλίγων,
764 867 885 934 Canab.
907 893 938 954 p.
962 870 1013 952 62,
1037 870 1080 934 22

66 973 84 1039 ὁ
100 973 318 1050 παλαιότατος
330 974 466 1038 πάντων
483 984 552 1039 τῶν
569 985 716 1058 ποιητῶν
731 975 831 1051 ὅσους
848 976 1001 1057 γινώσκω
1016 974 1080 1057 ἐγὼ

67 1079 85 1144 ὁ
106 1074 274 1164 Ἀρκτῖνος
296 1101 369 1145 cum
393 1078 489 1146 Dion.
506 1080 531 1163 I,
551 1080 593 1146 68
618 1082 836 1157 παλαιότατος
860 1075 897 1145 dl
921 1074 969 1145 ὧν
987 1079 1081 1165 ἡμεῖς

67 1191 163 1268 ἴσμεν
186 1186 325 1270 ποιητὴς
343 1182 521 1270 Ἀρκτῖνος.

156 1293 204 1357 Ac
220 1293 287 1356 iam
306 1313 345 1356 ex
364 1291 444 1356 locis
460 1291 555 1356 modo
574 1291 683 1356 allatis
702 1293 849 1377 intellegi
867 1297 985 1377 potest,
1005 1315 1080 1377 quo-

67 1398 164 1462 modo
183 1398 239 1462 ille
259 1401 424 1463 auctorem
443 1419 537 1462 suum
559 1398 794 1483 interpretatus
815 1399 866 1463 sit.
902 1399 1080 1463 Rarissime
1141 1435 1147 1446 ·

67 1503 153 1567 enim
175 1505 255 1587 ipsis
274 1502 426 1590 Dionysii
444 1504 553 1568 verbis
575 1504 686 1584 utitur,
706 1503 762 1567 sed
784 1504 817 1567 in
837 1527 930 1569 suum
954 1505 1080 1569 dicendi

68 1629 171 1694 genus
190 1607 422 1695 transferens¹)
442 1610 575 1693 copiosa
593 1630 667 1673 eum
686 1608 921 1674 circumscribit
939 1611 1081 1695 loquaci·

66 1717 150 1799 tate,
171 1715 219 1779 ita
241 1717 278 1778 ut
300 1715 340 1780 ad
363 1719 490 1780 textum
513 1715 663 1798 Dionysii
691 1716 918 1800 corrigendum
942 1717 993 1780 vel
1016 1720 1080 1781 sta-

67 1820 248 1885 biliendum
264 1821 338 1886 usui
354 1843 424 1899 esse
448 1843 515 1886 non
529 1821 642 1906 possit.
686 1818 801 1915 Neque
821 1822 849 1886 si
863 1843 915 1887 res
930 1822 1026 1886 aliter
1047 1844 1080 1886 se

64 1927 211 2011 haberet,
234 1927 273 1992 ad
292 1926 354 1991 hoo
373 1927 535 1991 conferret
553 1927 737 2012 quidquam,
757 1949 831 1992 curn
850 1928 934 1992 alius
953 1928 1079 2011 generis
1164 1911 1169 1921 ⁴

66 2032 211 2097 codicem
239 2054 276 2097 ac
303 2053 389 2097 nuno
416 2032 575 2097 habemus
606 2055 673 2097 non
705 2032 853 2098 videatur
886 2033 1080 2098 adhibuisse.

67 2136 162 2213 Quod
184 2137 295 2224 colligi
318 2141 428 2223 potest
451 2160 468 2202 e
492 2143 646 2223 corrupto
670 2140 729 2204 illo
748 2136 965 2216 ἐξυποταιέως
982 2162 1013 2222 p.
1029 2139 1081 2221 51,

68 2243 182 2322 1220
206 2243 349 2309 exhibito
373 2244 470 2308 simul
493 2245 528 2310 in
550 2235 701 2328 Dionysii
724 2245 832 2309 codice
856 2243 1018 2309 Ohisiano.
1083 2235 1087 2243 ’

134 2343 227 2414 'Iam
260 2349 289 2414 si
323 2349 407 2434 quod
441 2351 482 2416 ad
512 2351 707 2437 Dionysium
739 2352 857 2416 attinet
884 2351 968 2415 nihil
1005 2350 1081 2416 novi

67 2455 164 2520 nobis
178 2455 397 2541 suppeditavit
413 2454 626 2540 Canabutzes,
644 2460 755 2522 tamen
773 2457 807 2521 in
825 2456 1080 2540 digressionibus

66 2560 250 2646 historicis,
291 2563 532 2648 geographicis,
573 2563 810 2648 grammaticis,
846 2563 1080 2646 mythologieis

67 2667 173 2732 multa
199 2667 337 2752 profert,
364 2689 446 2752 quae
477 2669 593 2734 notatu
624 2690 690 2733 non
718 2671 794 2733 sunt
822 2665 997 2756 indignal)
1042 2668 1081 2732 In

68 2772 186 2856 quibus
214 2776 341 2857 partem
369 2773 456 2838 haud
486 2774 637 2859 exiguam
665 2773 797 2838 exhibet
825 2796 935 2838 earum
963 2797 1081 2861 rerum,

68 2900 206 2963 quarum
234 2879 419 2964 cognitione
447 2879 642 2965 dignitatem
669 2901 761 2945 suam
785 2880 1007 2966 magistralem
1031 2885 1081 2946 est

68 2984 214 3068 adeptus
259 2985 311 3050 Ita
334 2989 371 3050 ut
393 3007 627 3072 cognoscamus
651 2988 755 3070 qualis
778 2987 876 3053 fuerit
898 2989 955 3053 illa
974 2991 1081 3053 aetate

69 3092 207 3156 eruditio
231 3095 264 3156 et
277 3091 434 3168 ‚doctrina
456 3092 543 3158 haud
564 3093 711 3158 videatur
734 3094 867 3160 inutilis.

69 3218 281 3226 -.-—-——.-

142 3286 168 3349 1)
186 3301 214 3406 p.
234 3287 277 3351 59,
296 3287 331 3336 24
349 3283 442 3366 stadia
459 3282 588 3367 Dionysii
605 3284 635 3338 in
652 3284 733 3366 milia
750 3286 877 3369 mutavit.
957 3356 963 3368 .
988 3356 994 3367 Ι

17 3411 21 3418 ,
140 3355 167 3421 2)
209 3357 288 3409 ontes
308 3370 357 3408 seu
370 3356 541 3422 testimonia,
561 3372 632 3423 quae
651 3356 764 3425 qurdem
782 3373 908 3412 invenire
926 3357 996 3411 mlhl
1015 3372 1080 3410 con·

68 3422 175 3493 tigerit,
193 3425 299 3494 protuli
317 3423 348 3478 in
365 3424 422 3479 ind.
441 3425 461 3480 I.

474 3563 702 3571 η--ιῄ--ι
