2408 3826
480 159 698 223 ..41-

86 318 151 403 γάρ
174 316 321 403 ὑπῆρχεν
341 317 489 383 ἐνταῦθα
507 319 529 402 ῆ
548 319 688 402 Σηστός,
714 317 749 382 oc
765 317 802 382 ὑε
820 314 929 382 κοινοὶ
947 316 1104 401 λέγουσιν

85 425 124 490 τὸ
158 424 364 510 άκρωτῆριον
397 423 550 509 Κρτθέαν
588 463 622 473 -
663 423 717 489 καὶ
754 425 855 490 πάλιν
886 424 950 489 άπὸ
982 427 1104 491 τούτου

88 529 207 617 ὑιέλθη
231 533 291 596 τὸν
314 534 467 615 αἰγιαλὸν
489 541 550 596 τοῦ
572 534 699 597 κόλπου
717 540 778 597 τοῦ
797 529 964 615 Μέλανος,
989 533 1105 597 ὅντινα

85 642 248 703 καλοῦσιν
276 638 312 703 os
335 637 445 704 κοινοὶ
472 641 597 704 κόλπον
627 646 687 704 τοῦ
711 640 942 723 Μαγαρισίου,
970 636 1023 703 καὶ
1047 648 1104 722 τῆς

84 748 198 809 Λίνου
233 742 290 809 καλ
323 746 364 810 τά
399 747 509 833 κύκλῳ
551 753 609 828 τῆς
645 750 753 809 Λίνου
795 743 890 830 μέχρι
921 749 1105 830 Μαρωνίας

85 848 143 915 καὶ
172 849 287 934 ἐφεξῆς
315 850 376 928 ἕως
404 847 445 916 οὗ
472 854 660 937 καταντήσῃ
688 850 789 916 πάλιν
822 853 868 928 εἰς
899 852 958 916 τὸν
991 850 1105 917 Νίσον

85 959 254 1041 ποταμόν,
282 957 363 1042 αύτη
392 957 412 1040 ῆ
443 957 631 1042 περιγραφὴ
659 955 715 1022 καὶ
742 957 762 1040 ἡ
790 966 831 1042 γῆ
860 966 948 1023 πάσα
976 956 1139 1042 λέγεταιτ

87 1060 213 1150 Θρᾴκη.
255 1062 343 1148 λέγει
365 1073 450 1147 γοῦν
473 1064 586 1140 καθὼς
609 1066 735 1148 ἔφημεν
759 1063 777 1128 6
797 1065 922 1128 Διονύ·
946 1079 973 1120 ν’.
988 1074 1023 1121 ὅτι
1039 1075 1049 1121 ὁ
1064 1076 1160 1139 Δάρδα-

86 1186 176 1252 σιος,
193 1165 258 1235 Ιὅτι
291 1170 309 1234 6
338 1173 455 1248 στόλος
483 1166 580 1247 οὗτος
606 1179 667 1235 τοῦ
691 1171 873 1255 Δαρδάνου
904 1170 922 1234 6
945 1145 1160 1282 ''Zgffffqzffgffi

85 1275 266 1361 άρκαόικὸς
281 1278 336 1340 διὰ
350 1287 410 1342 τοῦ
425 1279 578 1361 αἰγιαλοῦ
592 1287 649 1360 τῆς
665 1278 790 1353 ὑύσεως
803 1279 921 1360 κατῆν-
943 1287 1083 1347 κατήντησεν
1100 1288 1160 1347 μετὰ

84 1398 188 1466 τησεν
211 1384 257 1459 είς
280 1383 320 1446 τά
343 1382 425 1466 μέρη
449 1391 507 1465 τῆς
529 1380 661 1470 Θρᾴκης
679 1379 734 1446 καὶ
757 1381 850 1467 ἐξέβη
876 1384 923 1460 είς
945 1359 1159 1488 τζῑῖσζζζθέἶίῗῦ

86 1492 195 1572 νῆσόν
222 1512 298 1554 τινα
325 1498 383 1573 τῆς
408 1486 540 1575 Θρᾴκης
567 1490 673 1572 ῆγουν
701 1489 748 1564 είς
774 1489 836 1571 τὴν
858 1498 923 1554 νῦν
945 1501 1084 1564 θρᾴκηνκαι
1098 1501 1160 1555 εηως

87 1593 302 1680 καλουμένην
334 1593 575 1681 Σαμοθρᾴκην.
631 1593 718 1677 λέγει
750 1603 834 1677 γοῦν
871 1595 922 1659 ὅτι
959 1570 1140 1700 ῗζζῆῇσθζοῦζζ

87 1698 193 1767 οὐδὲν
224 1702 379 1784 γινώσκει
412 1702 462 1766 ὅτι
493 1703 531 1766 τὸ
571 1703 690 1783 νησίον
722 1709 821 1765 τοῦτο
858 1705 922 1765 εἴτε
972 1713 1126 1776 Σαμοθρᾴκια

86 1808 289 1891 οἰκούμενον
320 1807 446 1892 ὑπῆρχε
474 1804 529 1872 καὶ
558 1809 622 1887 πρὸ
655 1816 715 1871 τοῦ
747 1806 861 1872 ἐλθεῖν
893 1807 953 1871 τὸν
986 1809 1107 1871 στόλον

87 1922 212 1979 τοῦτον
235 1916 282 1990 εἰς
304 1914 386 1977 αὐτὸ
415 1919 479 1978 είτε
509 1915 634 1978 ἄοικον.
680 1922 778 1979 τοῦτο
803 1908 839 1978 δὲ
863 1914 1034 1996 γινώσκει,
1057 1913 1107 1977 ὅτι

88 2020 156 2086 ἀπὸ
179 2029 239 2084 τοῦ
262 2028 380 2104 καιροῦ
404 2018 533 2084 ἐκείνου
558 2019 739 2104 ὠνομάσθη
763 2019 783 2102 ἡ
807 2028 909 2103 νῆσος
933 2020 1015 2103 αῦτη
1039 2024 1107 2085 Σα-

88 2126 260 2214 μοθρᾴκη·
283 2127 347 2211 πρὸ
371 2127 493 2191 τούτου
515 2127 578 2210 γάρ
598 2127 704 2210 όνομα
724 2122 825 2190 οὐδὲν
844 2121 940 2210 εἶχεν.
978 2124 1107 2208 ἐγένετο

90 2229 131 2298 δὲ
154 2235 190 2298 τὸ
214 2235 321 2316 ὄνομα
344 2241 402 2316 τῆς
419 2235 527 2316 νήσου
547 2231 610 2296 άπὸ
630 2232 692 2297 δύο
712 2231 884 2316 ὀνομάτων
903 2237 1108 2315 συμπεπλεγ-

90 2337 203 2425 μένων
227 2339 381 2422 άλλῆλοις
404 2340 441 2404 ἓν
465 2340 572 2418 ὄνομα
595 2340 778 2420 σύνθετον,
808 2338 888 2422 ὅπερ
913 2338 948 2401 οί
968 2342 1108 2402 Λατῖνοι
1127 2355 1163 2404 20

90 2445 229 2530 λέγουσι
256 2447 467 2530 κομπόσιτον.
514 2444 577 2510 άπὸ
605 2445 668 2530 γάρ
696 2453 752 2528 τῆς
781 2443 918 2529 άντικρὺ
950 2453 1012 2528 γῆς
1038 2445 1109 2528 ῆτις

92 2550 221 2635 λέγεται
258 2549 371 2637 Θρᾴκη
409 2549 464 2616 καὶ
496 2553 661 2635 Σάμωνος
697 2550 772 2628 ἑνὸς
800 2549 981 2635 Ἕλληνος,
1019 2551 1110 2628 ὅστις

91 2657 271 2743 ὑπέμεινεν
290 2658 359 2723 ἐκεῖ
375 2659 411 2724 ἐκ
430 2667 490 2723 τοῦ
509 2661 631 2723 στόλου
649 2659 771 2722 τούτου
790 2655 844 2722 καὶ
864 2661 991 2723 ἔκτισεν
1009 2660 1108 2722 πόλιν

91 2761 148 2829 καὶ
168 2770 293 2829 οίκισεν
311 2766 348 2830 τὸ
367 2767 487 2848 νησίον
505 2762 560 2829 καὶ
579 2763 771 2849 ἐκυρίευσεν
791 2764 905 2848 αὐτοῦ,
925 2765 1107 2848 ὠνομάσθη

93 2867 316 2958 Σαμοθρᾴκη,
340 2869 428 2936 τοῦτ’
448 2875 516 2935 ἔστι
539 2879 600 2935 τοῦ
623 2871 788 2955 Σάμωνος
810 2871 830 2952 ῆ
856 2868 978 2958 Θρᾴκη.
1013 2866 1109 2947 οὗτος
1133 2901 1137 2908 ’

93 2972 131 3040 ὑὲ
155 2975 172 3040 6
193 2977 319 3060 Σάμων
339 2977 486 3061 ὑπῆρχεν
505 2977 578 3053 υίὸς
595 2985 655 3040 τοῦ
674 2982 758 3041 θεοῦ
778 2986 838 3041 τοῦ
853 2975 974 3061 Ἑρμοῦ
994 2978 1109 3043 ὅντινα

94 3084 130 3147 οί
159 3086 299 3148 Λατῖνοι
331 3080 466 3165 λέγουσι
498 3084 723 3168 Μερκούριον.
773 3086 842 3148 ἔστι
875 3080 912 3148 δὲ
946 3084 962 3148 ὁ
992 3082 1109 3167 Ἑρμῆς

97 3184 193 3266 οὗτος
221 3187 276 3254 καὶ
305 3189 408 3272 άστῆρ
437 3189 472 3254 ἐν
501 3197 545 3279 τῷ
575 3190 708 3277 οὐρανῷ
741 3192 855 3266 καθὼς
886 3188 940 3255 καὶ
974 3190 991 3255 6
1026 3191 1109 3265 Ζεὺς

94 3298 153 3360 καί
173 3293 319 3360 ἐστικαὶ
342 3298 423 3373 θεὸς
446 3297 572 3379 ψευδὴς
595 3294 649 3361 καὶ
676 3295 903 3374 ἀνυπόστατος
932 3295 1110 3379 έλληνικός.

167 3530 183 3577 ό
202 3525 360 3596 μαρωνείας
378 3525 410 3581 V.
