2408 3826
458 184 676 249 -47-

56 342 243 418 Διονύσιος
257 341 322 406 ’ὅτι
350 341 533 429 ὠνομάσθη
561 343 702 428 ὕστερον
728 345 877 427 Φρυγία·
914 345 987 409 τότε
1013 345 1076 429 γάρ

55 450 166 525 άλλως
190 447 383 532 ὠνομάζετο.
432 450 563 535 Φρυγία
592 447 631 514 δέ
652 448 742 514 ἐστιν
771 450 848 527 ὅλος
871 450 889 514 6
913 501 955 555 χ,
978 501 1012 549 ,χ
1032 494 1130 554 zoam}

55 557 159 631 τόπος
182 553 246 620 άπὸ
268 562 326 638 τῆς
345 552 445 620 Ἀσοῦ
464 555 507 638 ἣν
532 554 672 639 λέγομεν
691 556 726 620 oc
746 558 894 640 σήμερον
925 570 1022 630 Φρυγία
1035 571 1117 613 καλου·

55 661 249 746 Μαχράμην
281 666 408 745 μάλλον
441 659 478 726 δὲ
506 661 569 727 άπὸ
601 670 662 726 τοῦ
693 661 893 728 άνατολικοῦ
989 638 1053 697 Μ’

57 767 267 853 ἀκρωτηρίου
290 767 308 832 6
332 767 367 833 οί
386 765 523 833 παλαιοὶ
547 771 662 851 ε”λεχον
676 767 826 852 ’Ἄβυδον
849 768 912 833 άπὸ
936 777 993 853 τής
1015 770 1075 834 πό-

57 880 141 950 λεως
164 874 235 956 ήτις
256 873 404 958 ὑπῆρχεν
427 873 505 956 ἐκεῖ,
530 875 566 939 οί
587 871 623 939 δὲ
647 876 794 960 σήμερον
818 872 953 958 λέγουσι
972 877 1076 958 Γενη-

57 980 144 1064 σάρη
169 988 324 1066 τουρκικῇ
348 979 508 1067 διαλέκτῳ
538 980 556 1045 ὃ
581 983 734 1064 σημαίνει
762 978 841 1046 νέον
864 982 1009 1066 κάστρον
1036 1018 1073 1028 -

56 1086 122 1151 άπὸ
146 1087 267 1151 τούτου
290 1094 375 1169 γοῦν
399 1085 476 1163 ὅλος
499 1086 517 1151 6
539 1088 661 1163 κύκλος
682 1085 738 1152 καλ
762 1087 779 1152 6
806 1088 955 1169 αίγιαλὸς
977 1085 1075 1170 καλή

57 1192 169 1258 ἐπάνω
200 1201 262 1257 τοῦ
285 1194 439 1276 αἰγιαλοῦ
470 1202 512 1278 γῆ
542 1191 656 1279 μέχρις
687 1202 748 1258 τοῦ
772 1191 898 1279 Ἕρμου
926 1201 1076 1277 ποταμοῦ

58 1300 175 1365 ὅντινα
198 1309 358 1384 προεῖπον
382 1298 433 1364 ὅτι
457 1297 596 1384 λάχομεν
619 1299 713 1383 ἡμεῖς
735 1301 884 1385 ποταμὸν
907 1308 968 1364 τοῦ
991 1303 1130 1383 Tap-10

57 1406 256 1491 χανειώτου,
290 1403 419 1488 λέγεται
455 1409 594 1492 Φρυγία,
648 1404 704 1472 καὶ
736 1406 800 1472 άπὸ
834 1416 894 1472 τοῦ
925 1414 1076 1489 ποταμοῦ

57 1513 179 1577 τούτου
201 1511 301 1577 πάλιν
324 1509 380 1577 καὶ
403 1515 594 1597 ἔμπροσθεν
617 1514 751 1598 άρχεται
773 1513 793 1595 ή
814 1509 939 1594 Ἰωνία,
961 1511 1076 1588 καθὼς

58 1624 195 1703 είπομεν
216 1615 291 1683 κατ’
323 1618 432 1704 άρχάς.
480 1619 498 1684 6
527 1628 611 1702 γοῦν
631 1616 751 1695 Ἰδαῖος
780 1619 893 1694 καθὼς
916 1644 963 1691 μ’,
978 1645 1013 1690 aa
1026 1643 1132 1697 εἰεατος

57 1730 185 1809 εἴρηται
222 1724 239 1789 6
276 1725 349 1802 υίὸς
384 1734 445 1790 τοῦ
477 1725 660 1810 Δαρδάνου
696 1733 892 1807 κατοικήσας
915 1714 1061 1831 gam?
1087 1715 1118 1829 ’ἐξ

57 1833 139 1915 μετὰ
157 1840 218 1896 τοῦ
236 1830 378 1915 ήμίσεως
396 1836 480 1898 λαοῦ
500 1833 546 1908 είς
564 1833 604 1896 τά
621 1834 762 1915 πλησίον
781 1830 892 1914 ὑψηλά
915 1796 1024 1920 φρήώς
1041 1800 1131 1901 ορίαίί

58 1938 120 2023 ὅρη
146 1946 204 2021 τής
231 1938 340 2023 χώρας
366 1939 502 2022 ταύτης,
530 1938 602 2021 ήιις
629 1938 810 2022 ὠνομάσθη
837 1933 894 2002 καὶ
917 1926 1036 1985 ὠλόμασῧλ
1050 1925 1131 1972 Ἰδαῖά

61 2045 193 2128 Φρυγία
225 2043 385 2130 ὕστερον,
418 2044 592 2129 ὠνόμασεν
624 2046 664 2109 τά
696 2046 757 2128 ὅρη
784 2051 889 2107 ταῦτα
919 2039 983 2105 άπὸ
1015 2048 1075 2103 τοῦ

58 2150 223 2234 ὀνόματος
250 2149 353 2215 αὐτοῦ
383 2144 494 2215 Ἰδαία.
548 2150 583 2215 οί
607 2152 670 2234 γάρ
698 2150 829 2233 ἀρχαῖοι
857 2143 948 2231 εἶχον
975 2148 1075 2229 συνή-

57 2262 159 2320 θειαν
180 2255 237 2322 καὶ
261 2256 432 2342 ὠνόμαζον
459 2258 539 2333 τοὺς
565 2258 688 2333 τόπους
715 2250 764 2321 ὧν
791 2256 986 2338 ἐβασίλευον
1010 2251 1074 2317 άπὸ

56 2371 119 2426 τοῦ
143 2361 304 2446 ὀνόματος
327 2362 448 2444 αὐτῶν,
473 2361 595 2446 ὁμοίως
616 2360 672 2427 καὶ
694 2363 774 2438 τοὺς
795 2361 1007 2444 ἀνθρώπους,
1031 2358 1076 2436 ὡς
1094 2374 1130 2422 20

58 2469 122 2534 άπὸ
146 2479 207 2534 τοῦ
226 2466 388 2552 Ἕλληνος
402 2467 561 2552 Ἕλληνες
582 2465 638 2533 καὶ
661 2467 725 2532 άπὸ
751 2476 813 2531 τοῦ
835 2470 984 2531 Λατίνου
1006 2468 1075 2529 Λα-

57 2584 146 2639 τίνοι
178 2572 234 2639 καί
265 2574 328 2640 άπὸ
357 2572 485 2640 Ἰταλοῦ
511 2570 632 2639 Ἰταλία
663 2573 683 2657 ή
716 2575 806 2658 χώρα
838 2569 893 2638 καὶ
923 2572 986 2638 άπὸ
1014 2580 1075 2636 τοῦ

63 2682 177 2766 Τρωὸς
210 2682 325 2766 Τρωάς
351 2680 371 2764 ή
399 2680 490 2765 χώρα
518 2677 573 2744 καλ
603 2678 666 2743 άπὸ
699 2687 760 2743 τοῦ
787 2677 941 2753 Πέλοπος
968 2681 1075 2742 Πελο-

58 2789 212 2870 πόνησος.
254 2783 359 2850 Ἰδαία
389 2794 473 2869 γοῦν
502 2784 693 2869 ἐκλήθησαν
719 2785 760 2848 τά
792 2782 853 2867 ὄρη
880 2791 983 2848 ταῦτα
1010 2782 1075 2848 άπὸ

57 2902 119 2959 τοῦ
143 2892 306 2977 ὀνόματος
328 2901 388 2956 τοῦ
409 2889 547 2976 Ἰδαίου,
571 2891 662 2956 ὠσάν
686 2895 772 2955 είποι
794 2912 844 2965 τις
866 2889 906 2953 τά
929 2890 990 2974 ὅρη
1014 2897 1075 2954 τοῦ

55 2992 187 3064 Ἰδαίου.
229 2997 292 3063 είσλ
312 2996 348 3063 δὲ
371 3007 473 3063 ταῦτα
496 3000 536 3063 τά
559 3000 631 3083 ὄρη,
655 2998 751 3062 άτινα
774 3000 893 3060 καλοῦ·
931 3002 957 3058 ξ’.
972 3007 1120 3064 πώςόνονά·

59 3123 114 3171 σιν
139 3107 285 3190 σήμερον
309 3105 344 3170 οί
367 3109 510 3190 Τοῦρκοι
538 3113 577 3189 τῇ
607 3103 734 3168 ἑαυτῶν
756 3103 890 3187 χλώσση
927 3076 1117 3209 &vanam

57 3213 117 3288 κάς
145 3212 206 3294 τάχ
234 3213 307 3294 ήτοι
335 3212 458 3294 βουνὸς
485 3221 552 3275 τῶν
580 3221 705 3294 χηνῶν·
742 3209 801 3285 κδς
828 3209 891 3293 γάρ
955 3215 1027 3263 Ἰδαῖα
1042 3218 1090 3280 ὄρν-

58 3314 136 3403 παρ’
173 3316 285 3381 αὐτῶν
317 3315 444 3400 λέγεται
477 3316 494 3381 6
527 3316 589 3401 χήν
617 3314 671 3380 καὶ
699 3316 760 3398 τδιγ
789 3314 806 3379 6
836 3315 966 3398 βουνός.
1013 3312 1074 3376 οὐκ

131 3480 155 3530 6.
176 3480 191 3527 7
211 3471 350 3544 χενήσαρη
370 3473 434 3529 vat.
512 3472 569 3528 νδ.
589 3471 684 3542 ὑψηλά
703 3472 782 3526 deest
801 3471 833 3524 V.
914 3470 946 3535 ξ’.
966 3467 1074 3540 ὠνομά-

59 3547 137 3610 ζονσι
156 3544 236 3600 codd.
