2408 3826
426 759 710 836 INDICES.

554 952 581 1019 I.

137 1093 302 1179 ΠΙΝΑΞ
330 1093 435 1168 ΤΟΤ
461 1093 747 1169 ΠΑΡΟΝΤΟΣ
774 1095 1003 1170 ΒΙΒΛΙΟΤ.

63 1265 99 1320 α’.
118 1287 145 1320 τι
160 1283 229 1350 φησι
243 1259 364 1319 Πλατων
382 1263 448 1331 περὶ
467 1267 544 1332 φιλο-
599 1259 685 1336 ιβ’.”
669 1284 713 1320 οτι
734 1260 764 1318 οἱ
755 1265 888 1348 χιιροτί
889 1285 955 1335 χναι
972 1263 1008 1319 τὰ
1027 1263 1080 1335 μὲν

100 1333 265 1422 οοφοόντων
285 1334 431 1420 βασιλέων
634 1333 703 1424 ἔργα
730 1335 786 1388 τῶν
817 1337 925 1405 τεχνῶν
951 1338 1080 1424 τιοιοόσι,

64 1402 137 1478 6.
123 1427 166 1461 οτι
185 1405 293 1469 εἰκόνες
311 1406 361 1460 τοῦ
380 1405 454 1460 θεοῦ
475 1403 545 1460 εἰσιν
633 1403 686 1468 τὰς
705 1403 737 1461 66
756 1403 849 1470 αἰτίας
865 1404 958 1461 καὶ
927 1426 978 1470 τας
992 1403 1081 1478 ἀρχὰς

100 1475 130 1532 οἵ
147 1480 270 1548 βασιλεις
289 1473 336 1532 ἐπὶ
355 1477 404 1564 τῇς
422 1476 481 1544 γῆς.
634 1477 691 1530 των
715 1478 822 1561 veyvu6v
845 1473 879 1531 56
903 1475 1080 1547 γινώσκουσι.

64 1570 96 1618 y.
125 1550 156 1603 τί
176 1542 341 1636 ἔγραψεν’
330 1567 345 1601 ο
369 1542 547 1634 Ἀλέξανδρος
600 1543 644 1617 ιγ’,
668 1547 741 1636 περὶ
756 1548 805 1616 τῆς
824 1544 902 1633 ἱερᾶς
920 1549 968 1602 καί
987 1567 1081 1636 μοστι-

98 1617 169 1706 πρὸς
190 1617 242 1675 τόν
264 1619 437 1674 διδάσκαλον
456 1612 545 1673 αότοό
635 1637 653 1672 κ
673 1637 687 1680 ς
711 1614 810 1687 τέχνης
832 1620 881 1686 τῆς
904 1614 1061 1690 363663,u
1039 1640 1081 1707 ην

98 1685 291 1776 Ἀριστοτέλην.
635 1619 765 1778 λόφονσιν
791 1685 1047 1761 βαρβαρίζοντες’
1030 1711 1081 1761 αρ-

64 1758 97 1816 6.
117 1760 182 1847 περὶ
196 1757 362 1848 Λυκούργου
381 1761 430 1813 καὶ
443 1778 470 1813 τι
466 1755 546 1814 ε’ἷιιε
635 1779 749 1829 κνμιαν.

100 1827 171 1899 πρός
190 1827 279 1886 αότὸν
297 1825 329 1884 τό
348 1831 399 1886 τοό
417 1827 546 1885 ’Λπόλλω-
601 1827 647 1886 ιιί.
665 1830 731 1901 περὶ
743 1827 971 1919 Κλεοπατρας
939 1851 988 1920 της
1002 1834 1081 1901 βασι-

99 1922 148 1965 νος
167 1903 292 1958 εἴδωλον.
636 1900 729 1969 λίσσης
742 1899 884 1971 Αίγόιιτον
904 1898 977 1957 καὶ’
974 1910 1081 1958 Ιονστι-

65 1970 97 2029 ε’,
115 1974 180 2040 περὶ
199 1973 255 2028 τῶν
271 1969 367 2059 νόμων
383 1966 426 2027 ότι
441 1965 547 2042 εόρεμα
635 1973 738 2027 νιανοῦ
757 1973 807 2027 τοῦ
827 1972 969 2044 βασιλέως.
1028 1995 1032 2003 ·

82 2045 198 2132 σοφόν
216 2039 380 2131 ἀνθρώπων
399 2040 479 2098 είσίν.
601 2062 643 2100 ιε,
668 2038 711 2097 ότι
730 2039 816 2098 οὐδὲν
834 2045 890 2097 τῶν
908 2041 1082 2115 πραγμάτων

65 2111 99 2174 ς.
123 2110 168 2169 ότι
191 2110 276 2169 καὶ
262 2135 280 2184 η
305 2110 414 2182 ἰατρικὴ
440 2107 547 2183 εόρεμα
637 2135 656 2168 α
676 2131 788 2198 ρηστον

100 2187 150 2253 τῆς
169 2187 340 2254 φιλοσοφίας
359 2181 443 2239 ἐστίν,
601 2180 646 2243 ις’.
629 2134 710 2238 χότι
718 2204 792 2237 κατα
802 2203 854 2253 την
863 2203 985 2274 γραφην
987 2203 1083 2239 τιαντα

69 2254 100 2322 ζ’.
119 2259 185 2322 τιερλ
201 2257 257 2310 τόν
272 2257 373 2318 κοινῶς
387 2253 546 2340 λεγομένων
637 2252 691 2309 ὅσα
724 2251 856 2321 ἐποίησεν
886 2273 902 2309 ο
930 2255 1001 2319 θεός
1029 2255 1083 2311 είσι

103 2328 293 2410 λεπτουργῶν
301 2326 350 2380 καὶ
369 2321 518 2392 λιθοξόων
636 2322 709 2381 καλὰ
728 2328 801 2392 λίαν,
820 2321 922 2380 καὶτὰ
942 2327 1084 2382 δοκοῦντα

66 2397 102 2466 η’.
125 2397 190 2466 περὶ
212 2393 353 2452 τεκτόνων
371 2398 427 2450 τῶν
446 2397 548 2459 κοινός
636 2392 1083 2466 κακὰκαλᾶχρησταὼςοίόφεις.

91 2467 262 2553 λεγομένων
281 2467 453 2522 πελεκάνων.
602 2464 645 2534 ιξ.
664 2467 777 2538 περὶ
744 2488 793 2536 της
806 2468 942 2535 πατρίδος
956 2487 1006 2522 τοο
993 2469 1084 2523 Διο

66 2533 107 2593 θ’.
127 2538 191 2606 περὶ
210 2539 322 2593 ναυτιᾶν
341 2537 391 2592 καὶ
404 2557 454 2592 τοο
442 2533 548 2592 6⁶6-
637 2541 736 2593 νοοίοο
756 2538 804 2592 καὶ
823 2538 938 2608 περὶ
906 2558 954 2625 της
969 2533 1083 2602 Ἰωνίας.

78 2629 151 2696 ρος
169 2610 218 2676 τῆς
235 2608 459 2678 τραμοιιντολνας.
603 2607 653 2678 ιη’.
673 2607 742 2664 ιιότο
758 2605 916 2699 ἀπῆλθεν
904 2629 919 2663 ο
934 2609 1085 2673 Διονόσιος

67 2678 95 2735 ι’.
124 2681 191 2748 ιιορλ
216 2680 264 2748 τῆς
287 2681 471 2765 καταγραφῆς
493 2679 550 2733 τῶν
640 2676 728 2743 είς
698 2699 750 2747 την
760 2677 868 2749 Ριόμην
886 2680 936 2734 καί
948 2682 978 2735 τί
989 2677 1084 2750 ἐποίη-

103 2752 348 2837 παραθαλασσίων
380 2745 474 2804 τόπων
502 2749 551 2804 καὶ
605 2768 689 2875 ὢσιν
709 2746 774 2806 ἐκεῖ
787 2751 965 2838 διατρίβων.
1044 2791 1045 2794 ¹

105 2817 287 2890 ἀκρωτηρίων
306 2821 355 2875 καὶ
368 2819 502 2910 λιμένων.
605 2817 749 2876 οθ.τίνα
778 2820 875 2912 ἔλεγον
903 2818 933 2876 ot
952 2815 1086 2890 Ελληνες

70 2913 118 2946 ια.
139 2891 252 2978 περὶ
220 2913 269 2959 της
275 2891 554 2982 μαγνήτιδοςλίθον
639 2891 704 2962 περὶ
736 2893 785 2960 τῆς
812 2887 918 2979 Ροόμης
949 2893 997 2947 καὶ
1029 2894 1085 2948 τόν

104 2959 178 3016 καλ
162 2983 238 3024 οπως
247 2960 281 3017 δι
290 2960 516 3048 αοτηςτιοιοοσιν
524 2959 554 3015 οι
641 2960 772 3017 οἰκιστῶν
793 2958 880 3031 αὐτῆς
902 2963 951 3017 καὶ
969 2963 1085 3018 πάντων

105 3035 210 3089 ναόται
224 3031 258 3087 τὰ
275 3030 414 3103 λεγόμενα
428 3029 550 3105 βελόνια.
641 3034 697 3088 τόν
713 3029 871 3103 Ρωμόνων,

141 3175 246 3231 Fontes
266 3191 315 3228 seu
333 3175 505 3230 testimonia.

141 3243 369 3316 yCEpistologr.
389 3264 430 3315 gr.
451 3245 493 3300 ed.
514 3245 675 3314 Hercherp
677 3251 732 3300 69
751 3245 845 3302 Didot
924 3244 962 3299 6.
982 3245 1084 3301 Herod.

69 3319 90 3384 1,
106 3322 149 3372 65,
186 3315 259 3371 Plut.
279 3317 347 3385 Ly.c
366 3321 391 3371 5
429 3316 502 3371 Suid.
525 3334 545 3370 s.
565 3335 590 3370 v.
656 3264 717 3370 ιδ’.
738 3317 772 3371 de
792 3315 941 3385 Cleopatra
960 3315 1086 3372 chemiae

70 3359 217 3456 p’erit.acf
232 3386 351 3453 Ρωότὶο,
365 3386 433 3443 bibl.
449 3388 494 3442 Gr.
511 3387 553 3441 ed.
569 3385 589 3441 Ι.
609 3385 664 3441 vol.
675 3386 769 3456 XII,p
772 3393 855 3442 ..759
866 3392 925 3442 768
973 3384 1046 3453 ιζῖι
1036 3408 1085 3457 ιη.

69 3457 183 3527 Dionys.
202 3457 264 3526 Ι,7.
337 3428 390 3512 ιθῖ
411 3458 523 3527 Dionys.
542 3459 602 3526 1,.4
