2408 3826
476 165 693 230 ..15-

73 323 270 410 ὑπάρχωσιν
306 322 567 408 συντετμημέναι
606 323 662 390 καὶ
699 325 860 410 σύντομοι
896 323 999 410 μέσον
1033 336 1093 410 τῆς

74 432 261 516 διηγήσεως
287 428 415 514 ἐκείνης
442 428 497 495 καὶ
525 430 675 516 ὀνόματα
693 434 806 498 τόπων
832 429 888 497 καὶ
910 433 993 496 ἄλλα
1016 434 1092 496 τινά

73 538 182 620 ὡραία
209 535 265 602 καὶ
292 537 471 620 άναγκαϊα,
500 538 597 603 άτινα
623 539 746 624 γράφει
776 539 822 615 είς
848 540 885 603 τὸ
913 541 1092 624 προοίμιον

72 642 129 709 καὶ
151 643 214 727 τῆν
237 642 344 729 ἀρχὴν
371 653 432 708 τοῦ
459 647 592 727 βιβλίου
614 645 736 709 τούτου
760 639 857 720 οὗτος
885 643 903 709 6
927 645 1093 727 ίστορικὸς

74 752 275 832 Διονύσιος,
308 748 415 834 ἐφάνη
443 773 500 834 μοι
532 750 674 834 εὔλογον
702 749 758 815 καὶ
787 749 1007 835 ὀφειλόμενον
1035 750 1091 814 ἵνα

73 856 193 942 γράψω
213 857 261 933 είς
283 857 405 932 πλάτος
423 855 572 921 ἐνταῦθα
589 854 644 921 καὶ
668 855 851 921 ἀποστείλω
870 865 909 941 τῆ
929 856 1091 942 αὐθεντίᾳ

73 979 138 1027 σου
165 960 424 1048 κεχωρισμένως,
452 959 508 1026 καὶ
536 961 676 1046 μάλιστα
703 963 754 1026 ὅτι
780 962 928 1049 ὑπῆρχεν
952 961 1090 1046 ἀνάγκη,

73 1069 131 1133 ἵνα
159 1069 252 1154 μάθη
281 1068 301 1151 ῆ
330 1068 492 1133 αὐθεντία
520 1085 598 1152 σου,
626 1073 675 1145 τίς
702 1068 793 1134 ἐστιν
820 1069 841 1152 ἡ
872 1070 959 1132 αίτία
987 1066 1042 1132 καὶ
1067 1069 1090 1152 ῆ

73 1174 225 1260 άφορμῆ,
254 1175 311 1240 ἵνα
337 1174 551 1259 μνημονεάση
579 1172 635 1239 καὶ
663 1175 841 1260 ἐνθυμηθῆ
868 1173 886 1239 6
911 1175 1090 1259 άνὺρωπος

73 1275 173 1357 οὗτος
196 1290 253 1364 τῆς
276 1276 505 1366 Σαμοθρᾴκης
532 1280 620 1345 οὑτω
649 1291 766 1367 μικράς
793 1283 899 1365 νήσου
927 1278 982 1345 καὶ
1010 1277 1144 1344 066610

71 1388 208 1471 σφόδρα
235 1387 378 1472 μεγάλης
405 1381 486 1450 οὑὺἐ
512 1388 729 1471 πολυκάρπου
758 1384 837 1452 οὐδὲ
863 1395 928 1451 νῦν
952 1385 1091 1469 ἐχούσης

72 1493 208 1576 άγαθῆν
236 1490 315 1558 οὐδὲ
343 1494 530 1575 θάλασσαν,
559 1492 604 1569 ὡς
631 1493 731 1569 αὐτὸς
762 1488 860 1569 οὗτος
886 1489 961 1577 περὶ
989 1491 1091 1575 αὐτῆς

73 1600 208 1684 ίστορεί.
254 1600 309 1664 ἵνα
332 1607 417 1682 γοῦν
447 1595 503 1663 ἀπ’
535 1597 638 1664 αὐτοῦ
661 1607 722 1663 τοῦ
745 1596 964 1683 συγγραφέως
987 1595 1090 1681 ἀρξώ-

72 1711 173 1790 μεθα,
205 1742 243 1751 -
273 1702 329 1770 καὶ
355 1705 419 1789 γάρ
448 1703 630 1787 άναγκαίον
657 1701 713 1769 καὶ
741 1704 892 1787 εὔλογον,
918 1741 962 1750 -
989 1705 1090 1768 άκουε

71 1821 206 1898 πρῶτον
229 1808 304 1893 περὶ
326 1811 449 1875 τούτου
472 1809 492 1893 ῆ
516 1811 678 1875 αὑθεντία
697 1827 769 1875 σου.

144 1912 250 1994 Οὗτος
263 1919 381 1982 τοίνυν
405 1915 423 1980 6
445 1916 629 1993 Διονύσιος
653 1915 670 1981 6
694 1916 756 1999 τῆν
779 1917 912 2003 άρχαιο-
931 1926 969 1981 ιζ’.
983 1927 1034 1991 περὶ
1048 1931 1144 1985 τῆσπα-

72 2027 192 2108 λογίαν
204 2023 423 2107 διηγούμενος
432 2019 909 2109 τῆςῬώμηςὸκαὶἉλικαρνα-
927 1997 1067 2116 13:222?ss
1088 2001 1145 2130 ᾖζέχ

72 2134 151 2208 σεὺς
161 2132 340 2213 λεγόμενος
348 2131 491 2215 πατρίδα
503 2132 576 2213 ἐσχε
588 2123 908 2215 τῆνἉλικαρνασόν·
960 2144 1000 2199 τῆς
1012 2139 1104 2191 Ἰωνίας.

73 2238 130 2301 διά
139 2244 238 2301 τοῦτο
250 2232 565 2316 καὶἎλικαρνασεὺς
575 2232 711 2317 λέγεται.
726 2235 809 2317 αὑτη
819 2243 905 2317 γοῦν
914 2230 1089 2318 ῆἉλικαρ-

73 2343 177 2419 νασὸς
191 2341 315 2426 ὑπῆρχε
329 2343 425 2417 πόλις
437 2341 528 2424 παρά
541 2340 717 2405 θάλασσαν
730 2349 788 2425 τῆς
799 2338 934 2416 Ἰωνίας.
957 2338 1086 2421 λέγεται
1106 2355 1143 2404 20

76 2444 114 2513 δὲ
136 2443 244 2513 Ἰωνία
272 2446 290 2511 6
318 2449 418 2523 τόπος
441 2446 518 2523 ὅλος
545 2444 608 2511 άπὸ
635 2455 693 2530 τῆς
716 2445 853 2530 ἐκβολῆς
880 2454 941 2511 τοῦ
960 2443 1088 2529 Ἕρμου

72 2562 225 2638 ποταμοῦ
238 2555 345 2638 ῆγουν
360 2555 444 2618 ἔνθα
464 2551 610 2636 ἐκβαίνει
627 2554 674 2629 είς
692 2553 754 2636 τῆν
767 2553 954 2634 θάλασσαν,
973 2551 1088 2616 ὅντινα

71 2658 213 2745 λέγομεν
235 2660 329 2745 ῆμείς
355 2660 503 2744 ποταμὸν
525 2667 586 2724 τοῦ
612 2659 874 2745 Ταρχανειάτου,
901 2657 963 2734 ἕως
985 2657 1089 2743 άκρω·

71 2769 191 2852 τηριόυ
211 2765 285 2843 ἑνὸς
304 2767 384 2850 ὅπερ
404 2769 613 2852 βαρβαρικῶς
631 2763 766 2849 λέγουσι
785 2765 820 2830 oc
835 2774 955 2829 ναῦται
969 2765 1088 2848 Κριόν,

71 2877 214 2954 λογικῶς
237 2868 274 2937 δέ
297 2870 426 2954 λέγεται
444 2873 579 2948 Κνίδος.
615 2871 652 2937 ἐν
676 2862 701 2959 ᾧ
726 2871 918 2958 ἀκρωτηρίῳ
942 2864 984 2953 ῆν
1008 2890 1088 2934 ποτε

71 2977 128 3043 καὶ
152 2980 256 3062 ξπόλις
292 2977 518 3062 ὀνομαζομένη
551 2975 605 3043 καὶ
643 2977 725 3060 αὐτῆ
762 2978 890 3053 Κνίδος
926 2976 990 3041 άπὸ
1026 2984 1088 3040 τοῦ

72 3085 237 3169 ὀνόματος
267 3093 328 3150 τοῦ
361 3084 587 3168 ἀκρωτηρίου,
619 3084 690 3168 ῆτις
717 3086 872 3166 φαίνεται
901 3092 964 3148 νῦν
994 3105 1088 3166 κεχα-

72 3189 230 3275 λασμένη.
276 3189 378 3275 μέσον
405 3199 490 3273 γοῦν
518 3199 579 3254 τοῦ
605 3191 710 3254 τόπου
737 3189 859 3253 τούτου
882 3198 939 3272 τῆς
963 3183 1089 3264 Ἰωνίας

72 3297 214 3382 ὑπάρχει
237 3294 292 3361 καὶ
314 3296 335 3379 ῆ
354 3292 605 3380 Ἁλικαρνασός,
634 3297 755 3378 ἐρημος
777 3293 832 3359 καὶ
857 3290 1087 3377 διεφθαρμένη

143 3452 280 3508 4τοὺτου
301 3453 379 3508 deest
397 3452 429 3507 V.
474 3458 504 3504 11
525 3459 594 3522 γοῦν
613 3468 663 3521 pro
683 3459 735 3505 νῦν
753 3450 788 3505 V.
832 3456 864 3505 13
884 3449 1039 3520 ἀρχώμεθα
1053 3449 1086 3504 V.
1191 3484 1195 3490 ·

73 3531 108 3581 20
128 3526 255 3595 ὑπῆρχεν
276 3523 307 3579 V.
418 3529 460 3579 21.
482 3518 616 3597 ἐκβουλῆς
634 3521 717 3578 codd.
