2408 3826
468 175 688 242 ..39-

65 331 203 421 Θρᾴκης
214 331 304 399 ἐστὶν
319 334 339 417 ῆ
353 343 455 418 νῆσος
469 335 517 411 είς
530 335 649 418 ῆντινα
662 338 870 419 κατήντησαν
881 335 899 400 δ
910 335 1088 420 ἀρκαδικὸς

66 444 198 523 στόλος,
222 440 240 506 ὁ
264 439 340 527 περὶ
363 451 420 525 τῆς
444 442 590 528 ἱστορίας
613 444 711 525 λόγος
728 442 847 526 μικρὸν
869 440 1086 526 ἀναμεινάτω.

67 549 106 612 οί
127 546 259 633 ἀρχαῖοι
283 545 444 633 ἱστορικοί
466 545 522 612 καί
545 548 737 633 γεωγράφοι
759 549 820 632 τῆν
837 557 902 632 γῆν
937 549 984 601 μί
1007 544 1058 607 ’τρὶ
1078 547 1121 602 '7

67 655 152 736 ὅλην
175 657 366 740 μερίζουσιν
390 655 470 738 μετδι
489 652 655 738 ’λογισμοῦ
673 651 728 718 καί
752 655 902 731 διανοίας
938 613 1058 742 mm?
1021 688 1092 744 μη.
1059 628 1128 737 ’.γης

68 761 118 837 είς
140 763 216 840 τρία
239 758 361 846 μέρη.
354 758 465 825 ἷκαί
436 783 473 825 το
493 757 554 845 μὲν
573 762 610 825 ἓν
628 759 728 890 μέρος
747 761 994 844 λέγουσινΜ
925 753 1008 801 'AW
1034 757 1141 803 ’'²¹¹“

63 864 191 950 Ἀσίαν,
213 869 251 932 τὸ
276 863 356 932 δδ“
336 890 450 953 ετερον
472 868 651 996 Εὐρώπην,
675 868 712 932 τὸ
734 863 847 932 δδί
790 871 847 954 τρί
844 825 984 933 τονβυην
959 826 1141 956 η,,,Εὐώρ’

67 974 203 1056 Λιβύην
230 972 285 1038 καλ
313 968 545 1058 Ἀφρικῆν·ὲ
542 975 596 1058 ’χει
625 975 688 1058 γάρ
714 982 814 1038 τοῦτο
838 976 875 1039 τὸ
899 973 999 1060 μέρος
1023 977 1086 1041 δύο

65 1079 225 1163 ὀνόματα.
272 1082 341 1144 ἔστι
374 1089 458 1164 γοῦν
484 1078 577 1145 Ἀσία
611 1080 655 1156 ὡς
686 1078 748 1164 μέν
779 1103 867 1157 τινες
894 1084 1087 1167 γεωγράφοι

68 1183 206 1267 λέγουσι
235 1186 298 1251 ἀπὸ
327 1195 387 1251 τοῦ
414 1187 579 1263 Τανάϊδος
604 1195 756 1270 ποταμοῦ
784 1186 824 1252 ὃν
848 1186 883 1251 οί
902 1186 1012 1253 κοινοὶ
1035 1187 1087 1254 λέ-

66 1309 168 1375 γουσι
196 1292 319 1376 Τάναν,
343 1293 388 1368 ὡς
411 1289 448 1358 δδ
471 1291 578 1380 ἕτεροι
597 1291 753 1376 λέγουσιν
771 1292 835 1358 ἀπὸ
856 1303 917 1358 τοῦ
939 1295 1086 1372 Φάσιδος
1107 1315 1140 1363 10

65 1407 221 1482 ποταμοῦ
250 1399 285 1475 ὃς
313 1399 382 1465 ἐστι
405 1402 547 1483 πλησίον
570 1408 627 1483 τῆς
654 1403 914 1485 Τραπεζοῦντος,
945 1399 1006 1477 ἕως
1028 1410 1087 1485 τῆς

66 1504 206 1589 ἐκβολῆς
235 1515 295 1571 τοῦ
319 1509 446 1571 Νείλου
479 1515 629 1590 ποταμοῦ
658 1506 748 1582 ὅστις
776 1505 920 1590 ἐκβαίνει
951 1508 997 1584 είς
1023 1508 1087 1591 τῆν

64 1611 244 1677 θάλασσαν
280 1621 337 1695 τῆς
371 1606 625 1697 Ἀλεξανδρείας.
674 1621 773 1677 τοῦτο
810 1613 874 1698 γάρ
911 1614 948 1677 τὸ
986 1612 1087 1698 μέρος

66 1715 198 1799 λέγεται
227 1713 327 1784 Ἀσία.
373 1718 474 1782 πάλιν
506 1717 570 1783 άπὸ
603 1727 661 1803 τῆς
693 1717 830 1803 ἐκβολῆς
864 1726 925 1783 τοῦ
957 1721 1086 1784 Νείλου

65 1832 218 1907 ποταμοῦ
232 1832 292 1889 τοῦ
306 1823 519 1907 έκβαίνοντος
538 1826 585 1900 είς
603 1825 665 1908 τῆν
679 1824 855 1890 θάλασσαν
867 1833 926 1908 τῆς
936 1822 1086 1902 Ἀλεξαν-

68 1931 182 2014 δρείας
205 1930 250 2006 ὡς
277 1935 403 2015 είρηται
433 1929 495 2006 ἕως
521 1938 582 1996 τοῦ
617 1929 692 2008 ἑνὸς
724 1932 828 2013 ἄκρου
856 1939 914 2014 τῆς
941 1938 1002 2014 γῆς
1023 1940 1086 1997 τοῦ

66 2035 268 2101 άνατολικοῦ
286 2037 393 2120 ῆγουν
416 2045 477 2101 τοῦ
496 2039 656 2121 στόματος
673 2045 734 2101 τοῦ
752 2036 839 2102 κάτω
859 2046 979 2102 στενοῦ
1003 2038 1083 2124 ὅπερ

66 2141 114 2217 ὡς
131 2144 333 2227 προείπομεν
351 2147 513 2207 καλοῦσιν
533 2143 568 2208 οί
582 2147 723 2209 Λατῖνοι
738 2142 865 2226 Στρέτο
881 2147 1083 2228 Ζουμπλίτα,

66 2247 198 2331 λέγεται
221 2248 332 2332 Λιβύη
360 2246 415 2313 καὶ
440 2240 587 2334 Ἀφρικῆ.
632 2249 732 2314 πάλιν
759 2248 824 2313 ἀπὸ
851 2258 912 2314 τοῦ
937 2250 1086 2326 Φάσιδος

65 2363 220 2438 ποταμοῦ
242 2354 262 2438 ῆ
286 2363 347 2421 τοῦ
374 2354 538 2432 Τανάϊδος
560 2355 644 2441 πρὸς
666 2356 727 2438 τῆν
750 2354 1004 2440 τραμουντάναν
1022 2354 1084 2434 ἕως
1103 2375 1140 2426 20

66 2470 130 2525 τοῦ
159 2462 263 2526 ἄλλου
295 2461 503 2548 ἀκρωτηρίου
535 2470 596 2526 τοῦ
632 2461 720 2526 κάτιο
752 2469 887 2544 στενοῦ,
925 2462 972 2538 είς
1003 2461 1084 2548 ὅπερ

65 2569 271 2652 προείπομεν
300 2567 350 2632 ὅτι
381 2566 532 2652 ἀπῆλθεν
556 2566 757 2652 ὁἩρακλῆς
783 2564 838 2631 καί
867 2569 1004 2652 ἔστησεν
1027 2569 1086 2646 τὰς

68 2675 191 2757 στήλας
221 2673 339 2756 αὐτοῦ,
373 2671 500 2756 λέγεται
529 2673 684 2760 Εὐρώπη.
735 2670 863 2756 λέγεται
896 2669 933 2738 δὲ
965 2683 1087 2752 κοινῶς

66 2781 110 2844 τὰ
128 2775 189 2864 μὲν
209 2780 271 2844 δύο
290 2776 372 2865 μέρη
392 2789 449 2864 τῆς
467 2789 527 2864 γῆς
544 2782 651 2863 ῆγουν
669 2779 690 2862 ῆ
710 2777 803 2845 Ἀσία
821 2777 876 2845 καὶ
897 2779 917 2863 ῆ
936 2779 1084 2864 Εὐρώπη

66 2886 216 2969 άνατολῆ
239 2883 293 2951 καί
315 2887 419 2962 δύσις.
451 2885 472 2969 ῆ
488 2882 524 2950 δὲ
538 2887 648 2971 Λιβύη
663 2896 788 2951 νοεῖται
806 2884 862 2951 καί
877 2886 958 2970 αὐτῆ
974 2887 1085 2972 ὥσπερ

67 2992 226 3077 άνατολῆ,
242 2991 396 3057 διότικαὶ
411 2993 492 3075 αὕτη
507 2993 674 3076 πλησιάζει
689 2993 772 3077 πρὸς
789 2994 851 3077 τῆν
866 2996 1086 3078 μεσημβρίαν,

65 3099 154 3164 ὅπου
179 3098 364 3184 εὑρίσκεται
386 3099 527 3164 πάντοτε
551 3099 689 3182 ὁῆλιος.
730 3100 834 3185 ῆγδιρ
852 3100 998 3185 Εὐρώπη
1019 3102 1086 3184 ἔχει

66 3207 129 3270 τὸν
152 3206 249 3288 ῆλιον
276 3207 406 3290 μακράν
435 3207 521 3289 παρὸ
549 3207 588 3270 τὰ
617 3206 679 3272 δύο
711 3204 793 3291 μέρη
819 3206 927 3271 έκείνα
949 3204 1005 3270 καί
1029 3207 1086 3270 διά

64 3321 168 3377 τοῦτο
187 3310 316 3396 λέγεται
335 3309 389 3377 καὶ
410 3313 513 3389 δύσις.
545 3313 612 3377 Λιδι
630 3321 730 3377 τοῦτο
750 3310 838 3395 λέγει
857 3312 1084 3395 ὁΛιονύσιος,

142 3543 177 3592 24
197 3536 301 3610 ενρόπη
316 3540 381 3596 Vat.
