2408 3826
496 175 711 229 ...vp-

96 323 220 406 etipse
244 321 327 390 Chio
351 345 390 389 ex
413 324 522 389 insula
545 324 699 389 oriundus
724 325 844 390 librum
866 325 1035 410 popularis
1061 328 1113 392 sui

94 429 282 513 possidebat
306 433 339 495 et
363 429 455 494 edere
477 430 619 495 volebat.
664 429 763 497 Cuius
783 432 946 515 exemplar
968 431 1112 500 fueritne

94 558 177 601 unus
201 558 240 601 ex
267 536 432 620 codicibus
460 535 515 620 qui
542 557 629 603 nunc
653 540 780 602 exstant
807 537 876 603 erui
902 534 956 603 rix
979 541 1112 622 poterit.

16 682 19 688 ·
95 640 212 707 Codice
245 640 393 707 Parisino
428 641 513 707 1746
546 642 735 728 Ducangius
772 665 849 709 usus
882 648 950 728 est,
987 645 1044 729 qui
1077 647 1112 710 in

94 747 254 832 glossario
282 746 322 811 ad
346 748 520 837 scriptores
544 747 669 813 mediae
702 753 735 815 et
762 749 892 815 infimae
920 738 1111 835 graecitatis

94 852 181 917 haud
212 875 286 918 raro
318 853 408 918 locos
442 874 481 917 ex
513 874 550 918 eo
574 855 745 938 excerpsit.
790 855 839 920 De
864 856 976 922 eodem
1000 857 1111 923 codice

53 996 57 1002 ·
93 959 192 1023 verba
210 959 288 1025 fecit
311 959 358 1026 st.
382 958 494 1039 Oroix3
519 960 644 1029 notices
668 963 701 1024 et
724 962 861 1026 extraits
889 962 944 1026 des
969 962 1046 1029 Mss.
1071 965 1110 1029 de

92 1065 126 1128 la
153 1064 233 1130 bibl.
261 1065 303 1130 du
331 1064 394 1130 Roi
422 1063 548 1130 TomI
575 1064 647 1130 Par.
662 1062 760 1132 '1784
788 1090 820 1152 p.
839 1066 946 1152 538.1)
991 1067 1111 1138 Novis·

92 1171 173 1235 sime
198 1171 355 1255 scriptum
375 1169 582 1237 Oanabutaae
605 1173 746 1258 perlegit
764 1170 913 1259 conse),
935 1174 992 1258 qui
1014 1175 1049 1238 in
1070 1183 1109 1241 eo

92 1276 130 1340 de
157 1278 353 1361 templorum
386 1275 702 1344 Samothracicorum
739 1283 828 1344 statu
873 1280 979 1364 qualis
1009 1281 1111 1348 fuerit

92 1386 199 1449 aetate
236 1384 378 1449 auctoris
418 1384 527 1468 aliqua
561 1404 595 1448 se
631 1384 837 1450 inventurum
876 1407 947 1450 esse
982 1386 1110 1453 frustra

92 1489 311 1583 speravit}—
272 1490 427 1554 —Ac'
417 1512 483 1554 1am
519 1490 558 1555 de
590 1511 707 1577 genere
744 1495 778 1556 et
810 1494 917 1556 aetate
957 1493 1109 1579 magistri

95 1598 199 1661 nostri
222 1618 303 1682 quae
327 1597 495 1663 enucleare
518 1597 613 1662 nobis
637 1602 715 1662 cont
717 1597 778 1682 igit
801 1598 836 1662 in
866 1598 1010 1663 medium
1034 1622 1108 1683 pro-

91 1703 242 1768 feramus.

157 1798 282 1876 Notum
310 1808 361 1873 est
388 1829 445 1893 per
472 1808 641 1891 complura
663 1807 761 1872 medii
784 1809 855 1874 aevi
883 1810 1011 1874 saecula
1034 1835 1109 1896 par·

91 1919 159 1980 tem
181 1914 267 1980 haud
291 1915 441 2000 exiguam
459 1914 640 1979 insularum
658 1915 850 2000 urbiumque
869 1915 1108 1983 maritimarum

91 2020 303 2087 Graeciaeet
322 2019 455 2086 Asiae
445 2041 481 2085 1n
499 2020 650 2094 manibus
670 2019 889 2087 Genuensium
912 2022 1024 2088 fuisse.
1054 2024 1108 2090 Ita

89 2127 158 2192 fact
143 2131 214 2192 tum
237 2130 296 2211 est,
318 2127 471 2192 mul
446 2130 474 2191 1
497 2124 685 2198 Genuenses
703 2128 812 2210 patria
834 2128 929 2192 relict
916 2132 949 2192 ta
968 2129 1015 2193 ibi
1034 2152 1108 2196 oon-

90 2234 242 2316 siderent,
265 2255 402 2318 quorum
424 2236 499 2317 post
500 2254 547 2297 er1
485 2232 697 2298 t'tvolven
698 2232 771 2298 ibus
795 2235 887 2298 annis
907 2233 1019 2319 lingua
1038 2259 1107 2302 mo·
1131 2287 1133 2292 ι

90 2340 181 2405 ribus
200 2338 356 2424 religione
374 2339 446 2423 ipsa
468 2339 602 2404 mutatis
623 2336 738 2403 Graeci
753 2359 792 2403 ex
805 2337 900 2404 Italis
921 2339 1001 2405 facti
1022 2347 1107 2419 sunt.

90 2444 248 2511 Graecam
272 2445 357 2509 enim
379 2445 546 2510 nationem
569 2445 716 2530 quamvis
743 2466 933 2530 oppressam
961 2451 995 2512 et
1019 2448 1106 2513 debi-

90 2552 219 2617 litatam
242 2572 314 2616 eam
338 2572 465 2635 semper
488 2549 553 2616 vim
582 2559 680 2636 atque
708 2551 1044 2636 vigorem‘habuissa
1069 2559 1107 2620 ut

90 2658 228 2723 aliarum
251 2644 397 2743 gentium
421 2656 562 2722 advenas
589 2658 641 2722 vel
664 2658 753 2742 ipsos
775 2657 946 2744 indigenas
970 2681 1106 2727 numero

92 2767 280 2849 superantes
309 2763 454 2829 moribus
481 2767 591 2828 tamen
614 2767 648 2828 et
669 2763 783 2848 lingua
806 2764 869 2828 sibi
896 2764 1107 2851 subiungeret

86 2891 220 2954 ¹semper
242 2869 444 2934 mirabimur.

160 2973 303 3052 Quorum
321 2974 480 3040 Italorum
503 2995 542 3038 ex
564 2996 698 3039 numero
722 2978 755 3039 et
778 2975 927 3061 princeps
945 2976 1000 3042 ille
1019 2977 1106 3044 Aeni

88 3087 123 3148 et
146 3076 372 3146 Samothraces
397 3083 447 3144 est
470 3083 503 3144 et
525 3078 728 3146 Canabutzes
752 3081 835 3165 ipse,
864 3083 954 3148 cuius
984 3105 1107 3150 nomen

90 3380 136 3436 M
137 3307 362 3449 ιΙέΠῈνἹυὶὶἒιῗοίαε,
355 3305 446 3373 ,.bibl
463 3305 617 3374 GraeoIV‚
632 3311 684 3362 393
700 3307 743 3363 ed
755 3307 832 3364 Harl.
856 3308 977 3378 Nicolai,
993 3310 1106 3370 Grieob.

113 3383 149 3436 itt

150 3470 182 3536 2)
210 3468 303 3524 Conco
329 3465 472 3524 Niemann
499 3464 623 3538 Haueer
649 3465 904 3562 Untersuobungen
928 3469 979 3523 aui
1005 3470 1103 3528 Samo·

63 3536 173 3593 thrake
190 3538 226 3610 ΙΙ,
249 3545 310 3598 116.
330 3541 420 3600 -Anm,
436 3546 461 3599 3.
