2408 3826
407 166 704 251 fxvii-

67 321 203 387 Ioannis
225 319 429 388 Canabutzae
458 315 710 385 commentarius
734 313 772 380 de
801 311 1009 380 Samothrace
1033 311 1081 376 in-

70 429 143 492 sula
166 448 204 493 ex
226 427 387 512 Dionysio
406 425 582 520 Halicarn,
603 424 668 488 fine
687 416 865 507 mutilus.¹)
901 417 1032 484 Desinit
1049 417 1085 481 in

70 534 214 618 capitulo
246 531 281 617 η’
305 537 381 617 post
411 531 510 599 verba
540 531 674 614 βοντζίν
706 535 881 604 ποιοῦντες
908 522 954 613 (p.
978 526 1012 608 8,
1042 525 1082 588 11

68 640 118 706 ed.
150 636 274 723 nostr).
328 636 562 722 Fragmentum
590 657 629 699 ex
658 631 850 698 Taurinensi
876 631 1006 696 fluxisse
1039 632 1084 695 in·

65 746 237 832 tellegitur
250 744 302 808 his
315 743 410 808 locis:
435 743 464 827 1,
479 742 522 807 14
540 738 595 806 καὶ
614 740 749 823 odulpho
764 739 881 803 desunt
895 737 922 802 Τ
931 761 967 823 p,
985 736 1085 801 hebet

66 853 195 937 Vae-3,
216 852 234 916 1
259 847 491 934 ἀπεγνωμένος
513 848 579 932 Tp,
612 843 866 931 ἀπεγνωσμένος
892 843 967 910 var..
1013 844 1043 928 3,
1063 845 1083 908 6

69 960 131 1044 τὴν
150 958 311 1024 adderetur
334 972 397 1022 σου
420 954 484 1041 Tp,
507 953 691 1019 αὐθεντίαν
713 951 788 1017 vat.
834 953 865 1036 4,
888 952 907 1016 6
931 949 1084 1033 ἐποίησας

69 1065 140 1150 ΤΡ,
162 1064 318 1147 ἐποίησας
341 1063 417 1128 Vas.
463 1062 494 1145 4,
513 1062 533 1126 6
557 1061 592 1126 οἰ
613 1053 675 1125 οὖν
699 1058 766 1144 Tp,
789 1058 821 1123 εἰ
842 1052 904 1122 οὖν
924 1056 998 1122 Vat.

158 1189 189 1254 4.
221 1185 329 1252 Codex
355 1186 617 1252 Vindoboncnsis
644 1183 684 1249 N.
709 1180 841 1248 CXVII.
871 1179 987 1266 01.9²)
1012 1177 1025 1265 (
1060 1179 1083 1263 )‚

68 1296 272 1380 chartaceus,
304 1296 339 1358 in
371 1297 497 1378 quarto,
533 1292 598 1358 108
623 1292 692 1376 fol,
728 1290 899 1375 diligenter
937 1289 1085 1371 scriptur.

69 1399 224 1486 Capitum
246 1399 336 1465 tituli
354 1400 454 1464 minio
479 1398 590 1464 eadem
613 1401 651 1463 ut
674 1397 802 1462 videtur
826 1419 924 1461 manu
943 1393 1083 1509 margipi

68 1559 202 1643 adpicta
237 1562 320 1624 sunt.
372 1558 411 1622 In
443 1557 507 1622 fine
540 1556 759 1640 subscriptum
795 1555 916 1640 legitur
943 1516 1051 1641 ᾳφξθω
1078 1603 1086 1617 .

67 1667 136 1751 μὴν
155 1714 163 1731 .
182 1667 258 1730 door
280 1717 287 1731 .
309 1660 360 1730 κε’
384 1714 392 1729 .
414 1660 485 1749 χεὶρ
514 1662 680 1729 ἀντωνίον
706 1670 769 1726 τοῦ
796 1661 1082 1727 ἑπισκοποπούλον

67 1782 130 1839 τοῦ
156 1772 277 1858 νοητὸς
307 1768 362 1837 καὶ
394 1769 635 1855 ποωτοψάλτον
661 1769 828 1844 κυδωνίοις
852 1817 859 1831 .
883 1768 920 1834 ἐν
947 1771 1085 1852 devecta.

68 1878 244 1946 Confectus
268 1879 370 1963 igitur
394 1881 443 1943 est
462 1877 620 1943 Venetiae
644 1898 754 1942 mense
776 1876 870 1942 Iunio
890 1876 966 1941 anni
987 1876 1086 1942 1569.

68 1987 120 2051 De
139 1986 246 2052 scriba
274 1985 372 2049 etiam
395 1983 523 2050 aliunde
542 1988 621 2050 noto
640 1983 680 2049 cf.
699 1981 935 2067 Gardthausen,
959 1982 1085 2048 Grieeh.

68 2090 328 2179 Palaeographie
346 2113 377 2174 p.
392 2091 466 2155 314.
492 2127 530 2137 -
556 2089 671 2155 Altera
690 2091 822 2156 serioris
846 2090 963 2155 aetatis
986 2112 1084 2154 manu

70 2199 233 2264 interdum
262 2197 391 2282 singula
420 2201 528 2262 textus
558 2197 657 2262 verba
685 2197 827 2282 margini
855 2196 1018 2281 adscripta
1042 2197 1085 2260 le·

70 2308 200 2389 guntur.
245 2305 370 2379 Eadem
399 2325 514 2368 manus
542 2303 702 2389 imagines
728 2324 794 2368 non
813 2302 898 2368 male
920 2324 1027 2384 penna
1050 2305 1082 2367 in

69 2413 219 2497 margine
248 2411 457 2477 delinearisse
485 2409 627 2493 videtur,
653 2431 736 2496 quae
767 2409 945 2494 respiciunt
973 2409 1013 2474 ad
1046 2431 1084 2474 ca

71 2537 153 2599 quae
177 2517 211 2581 in
233 2521 325 2583 textu
347 2520 654 2600 commemorantur,
683 2517 821 2600 exempli
844 2516 953 2600 gratia
976 2517 1084 2582 videre

69 2622 148 2686 licet
170 2619 280 2686 Iovem
302 2645 375 2689 eum
399 2623 509 2707 aquila
530 2621 697 2688 Electram
720 2623 923 2707 complexum
947 2622 1002 2688 fol.
1020 2624 1085 2708 46¹,

68 2728 227 2793 Phrixum
250 2732 283 2793 et
305 2729 425 2795 Hellen
447 2730 482 2793 in
506 2729 605 2794 ariete
630 2728 685 2794 fol.
704 2729 768 2812 66¹,
796 2726 986 2812 Neptunum
1009 2750 1082 2793 cum

70 2835 162 2918 equis
181 2835 316 2900 marinis
337 2837 400 2920 70¹,
419 2835 593 2900 Plutonem
611 2836 663 2900 vel
683 2833 882 2901 Charontem
904 2841 941 2900 ut
960 2836 1085 2901 larvam

71 2940 194 3006 alatam
218 2963 291 3007 eum
319 2941 419 3022 falce,
451 2942 537 3007 infra
560 2943 720 3008 calvaries
744 2947 777 3007 et
799 2964 874 3007 ossa
902 2943 966 3008 ἴθ’.
1013 2943 1084 3019 Quo

69 3069 146 3112 vero
165 3048 285 3114 iudicio
303 3049 408 3131 pictor
427 3049 544 3134 legerit
562 3048 636 3114 inde
656 3050 769 3128 elucet,
787 3049 873 3133 quod
891 3071 950 3133 pro
966 3047 1083 3136 Satyro

69 3177 177 3219 rerum
206 3156 361 3240 scriptore
389 3155 510 3221 Panem
539 3159 709 3222 cornutum
737 3159 770 3220 et
796 3157 999 3241 capripedem
1031 3158 1082 3221 de-

108 3455 120 3506 t
143 3386 174 3504 ll
188 3383 298 3508 Opppnt,
316 3382 472 3439 inventaire
491 3384 641 3439 sommeire
659 3382 710 3439 des
726 3400 797 3438 mss.
807 3382 901 3437 Graes
917 3383 958 3433 ue
965 3382 1099 3454 nsum·

69 3471 127 3508 na.
173 3494 182 3520 ‚
254 3495 261 3509 .

129 3542 158 3607 ν)
175 3542 286 3615 Nessel‚
306 3548 395 3606 catal.
416 3548 490 3610 bibl.
511 3549 648 3608 Vindoh.
664 3548 708 3620 ll,
726 3551 785 3601 itt
801 3558 872 3610 suu.

96 3637 131 3676 Io.
145 3637 339 3701 Karnauuzns,
356 3650 392 3694 ed.
410 3653 587 3697 Lehnerdt.
915 3622 945 3672 Ὢ
