<?xml version="1.0" encoding="UTF-8"?>
<!DOCTYPE html PUBLIC "-//W3C//DTD XHTML 1.0 Transitional//EN"
    "http://www.w3.org/TR/xhtml1/DTD/xhtml1-transitional.dtd">
<html xmlns="http://www.w3.org/1999/xhtml" xml:lang="en" lang="en">
 <head>
  <title>
</title>
<meta http-equiv="Content-Type" content="text/html;charset=utf-8" />
  <meta name='ocr-system' content='tesseract 3.04.00' />
  <meta name='ocr-capabilities' content='ocr_page ocr_carea ocr_par ocr_line ocrx_word'/>
</head>
<body>
  <div class='ocr_page' id='page_1' title='image "./ioanniscanabutz00canagoog_0078.png"; bbox 0 0 2408 3826; ppageno 0'>
   <div class='ocr_carea' id='block_1_1' title="bbox 459 187 677 251">
    <p class='ocr_par' dir='ltr' id='par_1_1' title="bbox 459 187 677 251">
     <span class='ocr_line' id='line_1_1' title="bbox 459 187 677 251; baseline -0.005 -18"><span class='ocrx_word' id='word_1_1' title='bbox 459 187 677 251; x_wconf 69' lang='lat'>-41..</span> 
     </span>
    </p>
   </div>
   <div class='ocr_carea' id='block_1_2' title="bbox 61 343 1188 3408">
    <p class='ocr_par' dir='ltr' id='par_1_2' title="bbox 61 343 1188 3408">
     <span class='ocr_line' id='line_1_2' title="bbox 61 343 1083 431; baseline 0.003 -21"><span class='ocrx_word' id='word_1_2' title='bbox 61 347 130 431; x_wconf 86' lang='grc' dir='ltr'><strong><em>γάρ</em></strong></span> <span class='ocrx_word' id='word_1_3' title='bbox 154 345 300 431; x_wconf 79' lang='grc' dir='ltr'><strong><em>ὑπῆρχεν</em></strong></span> <span class='ocrx_word' id='word_1_4' title='bbox 320 345 467 412; x_wconf 84' lang='grc' dir='ltr'><strong><em>ἐνταῦθα</em></strong></span> <span class='ocrx_word' id='word_1_5' title='bbox 486 347 507 430; x_wconf 86' lang='grc' dir='ltr'><strong><em>ῆ</em></strong></span> <span class='ocrx_word' id='word_1_6' title='bbox 527 348 667 430; x_wconf 90' lang='grc' dir='ltr'><strong><em>Σηστός,</em></strong></span> <span class='ocrx_word' id='word_1_7' title='bbox 692 345 727 412; x_wconf 91' lang='grc' dir='ltr'><strong><em>οί</em></strong></span> <span class='ocrx_word' id='word_1_8' title='bbox 743 346 780 411; x_wconf 85' lang='grc' dir='ltr'><strong><em>ὑε</em></strong></span> <span class='ocrx_word' id='word_1_9' title='bbox 798 343 908 412; x_wconf 81' lang='grc' dir='ltr'><strong><em>κοινοὶ</em></strong></span> <span class='ocrx_word' id='word_1_10' title='bbox 926 345 1083 430; x_wconf 88' lang='grc' dir='ltr'><strong><em>λέγουσιν</em></strong></span> 
     </span>
     <span class='ocr_line' id='line_1_3' title="bbox 61 451 1083 538; baseline 0.002 -21"><span class='ocrx_word' id='word_1_11' title='bbox 61 454 103 518; x_wconf 89' lang='grc' dir='ltr'><strong><em>τὸ</em></strong></span> <span class='ocrx_word' id='word_1_12' title='bbox 137 452 343 538; x_wconf 84' lang='grc' dir='ltr'><strong><em>άκρωτῆριον</em></strong></span> <span class='ocrx_word' id='word_1_13' title='bbox 376 452 529 537; x_wconf 84' lang='grc' dir='ltr'><strong><em>Κριθέαν</em></strong></span> <span class='ocrx_word' id='word_1_14' title='bbox 567 491 600 501; x_wconf 98' lang='grc'>-</span> <span class='ocrx_word' id='word_1_15' title='bbox 641 451 697 518; x_wconf 84' lang='grc' dir='ltr'><strong><em>καὶ</em></strong></span> <span class='ocrx_word' id='word_1_16' title='bbox 733 453 833 518; x_wconf 90' lang='grc' dir='ltr'><strong><em>πάλιν</em></strong></span> <span class='ocrx_word' id='word_1_17' title='bbox 865 453 929 518; x_wconf 88' lang='grc' dir='ltr'><strong><em>άπὸ</em></strong></span> <span class='ocrx_word' id='word_1_18' title='bbox 961 456 1083 520; x_wconf 83' lang='grc' dir='ltr'><strong><em>τούτου</em></strong></span> 
     </span>
     <span class='ocr_line' id='line_1_4' title="bbox 65 557 1084 645; baseline 0.003 -22"><span class='ocrx_word' id='word_1_19' title='bbox 65 557 186 645; x_wconf 82' lang='grc' dir='ltr'><strong><em>ὑιέλθη</em></strong></span> <span class='ocrx_word' id='word_1_20' title='bbox 209 561 269 624; x_wconf 88' lang='grc' dir='ltr'><strong><em>τὸν</em></strong></span> <span class='ocrx_word' id='word_1_21' title='bbox 292 562 446 643; x_wconf 79' lang='grc' dir='ltr'><strong><em>αἰγιαλὸν</em></strong></span> <span class='ocrx_word' id='word_1_22' title='bbox 468 568 529 624; x_wconf 92' lang='grc' dir='ltr'><strong><em>τοῦ</em></strong></span> <span class='ocrx_word' id='word_1_23' title='bbox 550 562 677 626; x_wconf 92' lang='grc' dir='ltr'><strong><em>κόλπου</em></strong></span> <span class='ocrx_word' id='word_1_24' title='bbox 695 568 756 625; x_wconf 90' lang='grc' dir='ltr'><strong><em>τοῦ</em></strong></span> <span class='ocrx_word' id='word_1_25' title='bbox 776 558 943 644; x_wconf 90' lang='grc' dir='ltr'><strong><em>Μέλανος,</em></strong></span> <span class='ocrx_word' id='word_1_26' title='bbox 968 562 1084 627; x_wconf 80' lang='grc' dir='ltr'><strong><em>ὅντινα</em></strong></span> 
     </span>
     <span class='ocr_line' id='line_1_5' title="bbox 63 665 1084 752; baseline 0.002 -22"><span class='ocrx_word' id='word_1_27' title='bbox 63 671 226 731; x_wconf 89' lang='grc' dir='ltr'><strong><em>καλοῦσιν</em></strong></span> <span class='ocrx_word' id='word_1_28' title='bbox 255 667 290 731; x_wconf 88' lang='grc' dir='ltr'><strong><em>οί</em></strong></span> <span class='ocrx_word' id='word_1_29' title='bbox 313 665 423 732; x_wconf 80' lang='grc' dir='ltr'><strong><em>κοινοὶ</em></strong></span> <span class='ocrx_word' id='word_1_30' title='bbox 451 670 576 733; x_wconf 79' lang='grc' dir='ltr'><strong><em>κόλπον</em></strong></span> <span class='ocrx_word' id='word_1_31' title='bbox 605 675 665 733; x_wconf 87' lang='grc' dir='ltr'><strong><em>τοῦ</em></strong></span> <span class='ocrx_word' id='word_1_32' title='bbox 689 668 921 752; x_wconf 86' lang='grc' dir='ltr'><strong><em>Μαγαρισίου,</em></strong></span> <span class='ocrx_word' id='word_1_33' title='bbox 949 665 1002 732; x_wconf 83' lang='grc' dir='ltr'><strong><em>καὶ</em></strong></span> <span class='ocrx_word' id='word_1_34' title='bbox 1026 677 1084 751; x_wconf 91' lang='grc' dir='ltr'><strong><em>τῆς</em></strong></span> 
     </span>
     <span class='ocr_line' id='line_1_6' title="bbox 62 770 1084 861; baseline 0.003 -25"><span class='ocrx_word' id='word_1_35' title='bbox 62 776 176 836; x_wconf 80' lang='grc' dir='ltr'><strong><em>Λίνον</em></strong></span> <span class='ocrx_word' id='word_1_36' title='bbox 212 770 268 836; x_wconf 84' lang='grc' dir='ltr'><strong><em>καὶ</em></strong></span> <span class='ocrx_word' id='word_1_37' title='bbox 301 774 342 838; x_wconf 86' lang='grc' dir='ltr'><strong><em>τά</em></strong></span> <span class='ocrx_word' id='word_1_38' title='bbox 378 775 488 861; x_wconf 78' lang='grc' dir='ltr'><strong><em>κύκλῳ</em></strong></span> <span class='ocrx_word' id='word_1_39' title='bbox 529 782 587 856; x_wconf 91' lang='grc' dir='ltr'><strong><em>τῆς</em></strong></span> <span class='ocrx_word' id='word_1_40' title='bbox 624 779 732 838; x_wconf 84' lang='grc' dir='ltr'><strong><em>Λίνου</em></strong></span> <span class='ocrx_word' id='word_1_41' title='bbox 773 772 868 859; x_wconf 81' lang='grc' dir='ltr'><strong><em>μέχρι</em></strong></span> <span class='ocrx_word' id='word_1_42' title='bbox 900 778 1084 860; x_wconf 87' lang='grc' dir='ltr'><strong><em>Μαρωνίας</em></strong></span> 
     </span>
     <span class='ocr_line' id='line_1_7' title="bbox 64 875 1084 966; baseline 0.002 -23"><span class='ocrx_word' id='word_1_43' title='bbox 64 876 122 944; x_wconf 83' lang='grc' dir='ltr'><strong><em>καὶ</em></strong></span> <span class='ocrx_word' id='word_1_44' title='bbox 150 877 266 962; x_wconf 82' lang='grc' dir='ltr'><strong><em>ἐφεξῆς</em></strong></span> <span class='ocrx_word' id='word_1_45' title='bbox 293 878 355 956; x_wconf 78' lang='grc' dir='ltr'><strong><em>ἕως</em></strong></span> <span class='ocrx_word' id='word_1_46' title='bbox 382 875 423 944; x_wconf 88' lang='grc' dir='ltr'><strong><em>οὗ</em></strong></span> <span class='ocrx_word' id='word_1_47' title='bbox 450 882 638 966; x_wconf 75' lang='grc' dir='ltr'><strong><em>καταντήσῃ</em></strong></span> <span class='ocrx_word' id='word_1_48' title='bbox 667 879 767 945; x_wconf 87' lang='grc' dir='ltr'><strong><em>πάλιν</em></strong></span> <span class='ocrx_word' id='word_1_49' title='bbox 800 881 847 957; x_wconf 88' lang='grc' dir='ltr'><strong><em>είς</em></strong></span> <span class='ocrx_word' id='word_1_50' title='bbox 878 881 937 945; x_wconf 89' lang='grc' dir='ltr'><strong><em>τὸν</em></strong></span> <span class='ocrx_word' id='word_1_51' title='bbox 970 879 1084 946; x_wconf 80' lang='grc' dir='ltr'><strong><em>Νίσον</em></strong></span> 
     </span>
     <span class='ocr_line' id='line_1_8' title="bbox 64 982 1118 1071; baseline 0.003 -23"><span class='ocrx_word' id='word_1_52' title='bbox 64 987 232 1069; x_wconf 83' lang='grc' dir='ltr'><strong><em>ποταμόν,</em></strong></span> <span class='ocrx_word' id='word_1_53' title='bbox 260 985 342 1070; x_wconf 79' lang='grc' dir='ltr'><strong><em>αὕτη</em></strong></span> <span class='ocrx_word' id='word_1_54' title='bbox 370 985 391 1068; x_wconf 81' lang='grc' dir='ltr'><strong><em>ῆ</em></strong></span> <span class='ocrx_word' id='word_1_55' title='bbox 422 987 610 1071; x_wconf 80' lang='grc' dir='ltr'><strong><em>περιγραφὴ</em></strong></span> <span class='ocrx_word' id='word_1_56' title='bbox 638 982 693 1051; x_wconf 81' lang='grc' dir='ltr'><strong><em>καὶ</em></strong></span> <span class='ocrx_word' id='word_1_57' title='bbox 721 985 741 1069; x_wconf 79' lang='grc' dir='ltr'><strong><em>η</em></strong></span> <span class='ocrx_word' id='word_1_58' title='bbox 768 995 810 1070; x_wconf 94' lang='grc' dir='ltr'><strong><em>γῆ</em></strong></span> <span class='ocrx_word' id='word_1_59' title='bbox 838 995 927 1051; x_wconf 88' lang='grc' dir='ltr'><strong><em>πάσα</em></strong></span> <span class='ocrx_word' id='word_1_60' title='bbox 954 985 1118 1071; x_wconf 73' lang='grc' dir='ltr'><strong><em>λέγεταιτ</em></strong></span> 
     </span>
     <span class='ocr_line' id='line_1_9' title="bbox 66 1088 1139 1178; baseline 0.004 -24"><span class='ocrx_word' id='word_1_61' title='bbox 66 1088 192 1178; x_wconf 92' lang='grc' dir='ltr'><strong><em>Θρᾴκη.</em></strong></span> <span class='ocrx_word' id='word_1_62' title='bbox 233 1090 321 1176; x_wconf 91' lang='grc' dir='ltr'><strong><em>λέγει</em></strong></span> <span class='ocrx_word' id='word_1_63' title='bbox 344 1102 429 1175; x_wconf 93' lang='grc' dir='ltr'><strong><em>γοῦν</em></strong></span> <span class='ocrx_word' id='word_1_64' title='bbox 452 1092 564 1169; x_wconf 86' lang='grc' dir='ltr'><strong><em>καθὼς</em></strong></span> <span class='ocrx_word' id='word_1_65' title='bbox 587 1095 714 1176; x_wconf 78' lang='grc' dir='ltr'><strong><em>ἔφημεν</em></strong></span> <span class='ocrx_word' id='word_1_66' title='bbox 738 1091 756 1158; x_wconf 93' lang='lat'>6</span> <span class='ocrx_word' id='word_1_67' title='bbox 775 1093 901 1158; x_wconf 82' lang='grc' dir='ltr'><strong><em>Διονύ·</em></strong></span> <span class='ocrx_word' id='word_1_68' title='bbox 924 1108 952 1150; x_wconf 80' lang='grc' dir='ltr'><strong><em>ν’.</em></strong></span> <span class='ocrx_word' id='word_1_69' title='bbox 967 1103 1001 1150; x_wconf 76' lang='grc' dir='ltr'><strong><em>ὅτι</em></strong></span> <span class='ocrx_word' id='word_1_70' title='bbox 1017 1104 1028 1150; x_wconf 75' lang='grc' dir='ltr'>ὁ</span> <span class='ocrx_word' id='word_1_71' title='bbox 1043 1105 1139 1168; x_wconf 75' lang='grc' dir='ltr'><strong><em>Δάρδα-</em></strong></span> 
     </span>
     <span class='ocr_line' id='line_1_10' title="bbox 66 1174 1139 1310; baseline 0.004 -49"><span class='ocrx_word' id='word_1_72' title='bbox 66 1214 155 1281; x_wconf 80' lang='grc' dir='ltr'><strong><em>σιος,</em></strong></span> <span class='ocrx_word' id='word_1_73' title='bbox 171 1193 237 1262; x_wconf 83' lang='grc' dir='ltr'><strong><em>ότι</em></strong></span> <span class='ocrx_word' id='word_1_74' title='bbox 269 1197 287 1262; x_wconf 99' lang='lat'>6</span> <span class='ocrx_word' id='word_1_75' title='bbox 317 1201 433 1276; x_wconf 80' lang='grc' dir='ltr'><strong><em>στόλος</em></strong></span> <span class='ocrx_word' id='word_1_76' title='bbox 461 1194 558 1276; x_wconf 85' lang='grc' dir='ltr'><strong><em>οὗτος</em></strong></span> <span class='ocrx_word' id='word_1_77' title='bbox 586 1208 646 1264; x_wconf 94' lang='grc' dir='ltr'><strong><em>τοῦ</em></strong></span> <span class='ocrx_word' id='word_1_78' title='bbox 669 1200 852 1284; x_wconf 75' lang='grc' dir='ltr'><strong><em>Δαρδάνου</em></strong></span> <span class='ocrx_word' id='word_1_79' title='bbox 883 1174 1139 1310; x_wconf 46' lang='grc' dir='ltr'><strong><em>ὁνζξῖςέξῗῗρῗζὸἱῖὺ</em></strong></span> 
     </span>
     <span class='ocr_line' id='line_1_11' title="bbox 65 1304 1139 1390; baseline 0.007 -22"><span class='ocrx_word' id='word_1_80' title='bbox 65 1304 244 1389; x_wconf 81' lang='grc' dir='ltr'><strong><em>άρκαὺικὸς</em></strong></span> <span class='ocrx_word' id='word_1_81' title='bbox 259 1306 315 1370; x_wconf 78' lang='grc' dir='ltr'><strong><em>διά</em></strong></span> <span class='ocrx_word' id='word_1_82' title='bbox 328 1315 389 1371; x_wconf 89' lang='grc' dir='ltr'><strong><em>τοῦ</em></strong></span> <span class='ocrx_word' id='word_1_83' title='bbox 403 1307 557 1389; x_wconf 80' lang='grc' dir='ltr'><strong><em>αἰγιαλοῦ</em></strong></span> <span class='ocrx_word' id='word_1_84' title='bbox 571 1314 628 1388; x_wconf 89' lang='grc' dir='ltr'><strong><em>τῆς</em></strong></span> <span class='ocrx_word' id='word_1_85' title='bbox 643 1306 769 1382; x_wconf 80' lang='grc' dir='ltr'><strong><em>θύσεως</em></strong></span> <span class='ocrx_word' id='word_1_86' title='bbox 782 1307 900 1390; x_wconf 89' lang='grc' dir='ltr'><strong><em>κατῆν-</em></strong></span> <span class='ocrx_word' id='word_1_87' title='bbox 922 1317 1062 1377; x_wconf 67' lang='grc' dir='ltr'><strong><em>κατήντησεν</em></strong></span> <span class='ocrx_word' id='word_1_88' title='bbox 1079 1317 1139 1376; x_wconf 69' lang='grc' dir='ltr'><strong><em>μετὰ</em></strong></span> 
     </span>
     <span class='ocr_line' id='line_1_12' title="bbox 64 1388 1138 1518; baseline 0.001 -43"><span class='ocrx_word' id='word_1_89' title='bbox 64 1426 167 1494; x_wconf 90' lang='grc' dir='ltr'><strong><em>τησεν</em></strong></span> <span class='ocrx_word' id='word_1_90' title='bbox 190 1412 236 1488; x_wconf 88' lang='grc' dir='ltr'><strong><em>είς</em></strong></span> <span class='ocrx_word' id='word_1_91' title='bbox 258 1412 299 1474; x_wconf 87' lang='grc' dir='ltr'><strong><em>τά</em></strong></span> <span class='ocrx_word' id='word_1_92' title='bbox 321 1410 403 1496; x_wconf 87' lang='grc' dir='ltr'><strong><em>μέρη</em></strong></span> <span class='ocrx_word' id='word_1_93' title='bbox 428 1420 485 1494; x_wconf 89' lang='grc' dir='ltr'><strong><em>τῆς</em></strong></span> <span class='ocrx_word' id='word_1_94' title='bbox 508 1408 639 1499; x_wconf 77' lang='grc' dir='ltr'><strong><em>Θρᾴκης</em></strong></span> <span class='ocrx_word' id='word_1_95' title='bbox 658 1408 713 1475; x_wconf 83' lang='grc' dir='ltr'><strong><em>καὶ</em></strong></span> <span class='ocrx_word' id='word_1_96' title='bbox 736 1409 829 1496; x_wconf 81' lang='grc' dir='ltr'><strong><em>ἐξέβη</em></strong></span> <span class='ocrx_word' id='word_1_97' title='bbox 854 1413 902 1489; x_wconf 90' lang='grc' dir='ltr'><strong><em>είς</em></strong></span> <span class='ocrx_word' id='word_1_98' title='bbox 923 1388 1138 1518; x_wconf 51' lang='grc' dir='ltr'><strong><em>’ζῖἶσζζέοέζίῒυ</em></strong></span> 
     </span>
     <span class='ocr_line' id='line_1_13' title="bbox 65 1515 1139 1604; baseline -0.006 -22"><span class='ocrx_word' id='word_1_99' title='bbox 65 1519 174 1600; x_wconf 92' lang='grc' dir='ltr'><strong><em>νῆσόν</em></strong></span> <span class='ocrx_word' id='word_1_100' title='bbox 202 1541 276 1582; x_wconf 88' lang='grc' dir='ltr'><strong><em>τινα</em></strong></span> <span class='ocrx_word' id='word_1_101' title='bbox 304 1527 362 1600; x_wconf 89' lang='grc' dir='ltr'><strong><em>τῆς</em></strong></span> <span class='ocrx_word' id='word_1_102' title='bbox 386 1515 518 1604; x_wconf 90' lang='grc' dir='ltr'><strong><em>Θρᾴκης</em></strong></span> <span class='ocrx_word' id='word_1_103' title='bbox 545 1519 652 1600; x_wconf 83' lang='grc' dir='ltr'><strong><em>ῆγουν</em></strong></span> <span class='ocrx_word' id='word_1_104' title='bbox 680 1518 726 1593; x_wconf 88' lang='grc' dir='ltr'><strong><em>είς</em></strong></span> <span class='ocrx_word' id='word_1_105' title='bbox 753 1518 815 1600; x_wconf 80' lang='grc' dir='ltr'><strong><em>τὴν</em></strong></span> <span class='ocrx_word' id='word_1_106' title='bbox 837 1527 901 1582; x_wconf 93' lang='grc' dir='ltr'><strong><em>νῦν</em></strong></span> <span class='ocrx_word' id='word_1_107' title='bbox 924 1530 1139 1593; x_wconf 69' lang='grc' dir='ltr'><strong><em>ερᾴκηιιαιεπως</em></strong></span> 
     </span>
     <span class='ocr_line' id='line_1_14' title="bbox 66 1600 1119 1730; baseline 0 -42"><span class='ocrx_word' id='word_1_108' title='bbox 66 1621 280 1708; x_wconf 81' lang='grc' dir='ltr'><strong><em>καλουμένην</em></strong></span> <span class='ocrx_word' id='word_1_109' title='bbox 312 1622 553 1711; x_wconf 87' lang='grc' dir='ltr'><strong><em>Σαμοθρᾴκην.</em></strong></span> <span class='ocrx_word' id='word_1_110' title='bbox 609 1621 697 1706; x_wconf 83' lang='grc' dir='ltr'><strong><em>λέγει</em></strong></span> <span class='ocrx_word' id='word_1_111' title='bbox 729 1632 813 1706; x_wconf 92' lang='grc' dir='ltr'><strong><em>γοῦν</em></strong></span> <span class='ocrx_word' id='word_1_112' title='bbox 850 1625 901 1688; x_wconf 85' lang='grc' dir='ltr'><strong><em>ὅτι</em></strong></span> <span class='ocrx_word' id='word_1_113' title='bbox 938 1600 1119 1730; x_wconf 48' lang='grc' dir='ltr'><strong><em>ῗέζζῇσθτὶῦζζ</em></strong></span> 
     </span>
     <span class='ocr_line' id='line_1_15' title="bbox 66 1726 1105 1813; baseline 0.005 -18"><span class='ocrx_word' id='word_1_114' title='bbox 66 1726 171 1795; x_wconf 76' lang='grc' dir='ltr'><strong><em>οὐδέν</em></strong></span> <span class='ocrx_word' id='word_1_115' title='bbox 203 1732 357 1813; x_wconf 83' lang='grc' dir='ltr'><strong><em>γινώσκει</em></strong></span> <span class='ocrx_word' id='word_1_116' title='bbox 391 1731 440 1795; x_wconf 86' lang='grc' dir='ltr'><strong><em>ότι</em></strong></span> <span class='ocrx_word' id='word_1_117' title='bbox 472 1732 509 1794; x_wconf 91' lang='grc' dir='ltr'><strong><em>τὸ</em></strong></span> <span class='ocrx_word' id='word_1_118' title='bbox 549 1731 668 1812; x_wconf 84' lang='grc' dir='ltr'><strong><em>νησίον</em></strong></span> <span class='ocrx_word' id='word_1_119' title='bbox 701 1738 800 1794; x_wconf 90' lang='grc' dir='ltr'><strong><em>τοῦτο</em></strong></span> <span class='ocrx_word' id='word_1_120' title='bbox 837 1735 900 1795; x_wconf 85' lang='grc' dir='ltr'><strong><em>είτε</em></strong></span> <span class='ocrx_word' id='word_1_121' title='bbox 950 1743 1105 1806; x_wconf 69' lang='grc' dir='ltr'><strong><em>Σαννθεᾴκι·</em></strong></span> 
     </span>
     <span class='ocr_line' id='line_1_16' title="bbox 66 1833 1085 1921; baseline -0.001 -19"><span class='ocrx_word' id='word_1_122' title='bbox 66 1836 267 1919; x_wconf 76' lang='grc' dir='ltr'><strong><em>οἰκούμενον</em></strong></span> <span class='ocrx_word' id='word_1_123' title='bbox 299 1835 425 1921; x_wconf 80' lang='grc' dir='ltr'><strong><em>ὑπῆρχε</em></strong></span> <span class='ocrx_word' id='word_1_124' title='bbox 453 1833 507 1901; x_wconf 82' lang='grc' dir='ltr'><strong><em>καὶ</em></strong></span> <span class='ocrx_word' id='word_1_125' title='bbox 537 1838 600 1916; x_wconf 87' lang='grc' dir='ltr'><strong><em>πρὸ</em></strong></span> <span class='ocrx_word' id='word_1_126' title='bbox 632 1844 694 1901; x_wconf 90' lang='grc' dir='ltr'><strong><em>τοῦ</em></strong></span> <span class='ocrx_word' id='word_1_127' title='bbox 726 1835 840 1901; x_wconf 83' lang='grc' dir='ltr'><strong><em>έλθείν</em></strong></span> <span class='ocrx_word' id='word_1_128' title='bbox 871 1837 931 1900; x_wconf 91' lang='grc' dir='ltr'><strong><em>τὸν</em></strong></span> <span class='ocrx_word' id='word_1_129' title='bbox 964 1839 1085 1901; x_wconf 91' lang='grc' dir='ltr'><strong><em>στόλον</em></strong></span> 
     </span>
     <span class='ocr_line' id='line_1_17' title="bbox 66 1937 1086 2026; baseline -0.001 -18"><span class='ocrx_word' id='word_1_130' title='bbox 66 1951 191 2008; x_wconf 88' lang='grc' dir='ltr'><strong><em>τοῦτον</em></strong></span> <span class='ocrx_word' id='word_1_131' title='bbox 214 1945 260 2019; x_wconf 84' lang='grc' dir='ltr'><strong><em>εἰς</em></strong></span> <span class='ocrx_word' id='word_1_132' title='bbox 283 1942 364 2006; x_wconf 84' lang='grc' dir='ltr'><strong><em>αὐτὸ</em></strong></span> <span class='ocrx_word' id='word_1_133' title='bbox 393 1948 457 2007; x_wconf 89' lang='grc' dir='ltr'><strong><em>είτε</em></strong></span> <span class='ocrx_word' id='word_1_134' title='bbox 488 1944 613 2008; x_wconf 90' lang='grc' dir='ltr'><strong><em>άοικον.</em></strong></span> <span class='ocrx_word' id='word_1_135' title='bbox 658 1951 757 2008; x_wconf 90' lang='grc' dir='ltr'><strong><em>τοῦτο</em></strong></span> <span class='ocrx_word' id='word_1_136' title='bbox 782 1937 818 2006; x_wconf 74' lang='grc' dir='ltr'><strong><em>ὑὲ</em></strong></span> <span class='ocrx_word' id='word_1_137' title='bbox 841 1943 1012 2026; x_wconf 79' lang='grc' dir='ltr'><strong><em>γινώσκει,</em></strong></span> <span class='ocrx_word' id='word_1_138' title='bbox 1036 1943 1086 2008; x_wconf 84' lang='grc' dir='ltr'><strong><em>ότι</em></strong></span> 
     </span>
     <span class='ocr_line' id='line_1_18' title="bbox 67 2047 1086 2133; baseline 0.002 -20"><span class='ocrx_word' id='word_1_139' title='bbox 67 2049 134 2114; x_wconf 88' lang='grc' dir='ltr'><strong><em>άπὸ</em></strong></span> <span class='ocrx_word' id='word_1_140' title='bbox 157 2057 218 2113; x_wconf 91' lang='grc' dir='ltr'><strong><em>τοῦ</em></strong></span> <span class='ocrx_word' id='word_1_141' title='bbox 241 2056 359 2133; x_wconf 90' lang='grc' dir='ltr'><strong><em>καιροῦ</em></strong></span> <span class='ocrx_word' id='word_1_142' title='bbox 382 2047 511 2113; x_wconf 79' lang='grc' dir='ltr'><strong><em>ἐκείνου</em></strong></span> <span class='ocrx_word' id='word_1_143' title='bbox 536 2048 717 2133; x_wconf 78' lang='grc' dir='ltr'><strong><em>ὠνομάσθη</em></strong></span> <span class='ocrx_word' id='word_1_144' title='bbox 741 2048 762 2132; x_wconf 79' lang='grc' dir='ltr'><em>ἡ</em></span> <span class='ocrx_word' id='word_1_145' title='bbox 785 2057 888 2133; x_wconf 90' lang='grc' dir='ltr'><strong><em>νῆσος</em></strong></span> <span class='ocrx_word' id='word_1_146' title='bbox 911 2050 993 2133; x_wconf 82' lang='grc' dir='ltr'><strong><em>αὕτη</em></strong></span> <span class='ocrx_word' id='word_1_147' title='bbox 1018 2054 1086 2115; x_wconf 91' lang='grc' dir='ltr'><strong><em>Σα-</em></strong></span> 
     </span>
     <span class='ocr_line' id='line_1_19' title="bbox 67 2150 1085 2243; baseline 0 -23"><span class='ocrx_word' id='word_1_148' title='bbox 67 2154 238 2243; x_wconf 90' lang='grc' dir='ltr'><strong><em>μοθρᾴκη·</em></strong></span> <span class='ocrx_word' id='word_1_149' title='bbox 262 2155 325 2238; x_wconf 88' lang='grc' dir='ltr'><strong><em>πρὸ</em></strong></span> <span class='ocrx_word' id='word_1_150' title='bbox 349 2155 470 2219; x_wconf 88' lang='grc' dir='ltr'><strong><em>τούτου</em></strong></span> <span class='ocrx_word' id='word_1_151' title='bbox 493 2155 556 2239; x_wconf 87' lang='grc' dir='ltr'><strong><em>γάρ</em></strong></span> <span class='ocrx_word' id='word_1_152' title='bbox 576 2156 682 2239; x_wconf 85' lang='grc' dir='ltr'><strong><em>όνομα</em></strong></span> <span class='ocrx_word' id='word_1_153' title='bbox 702 2151 803 2220; x_wconf 73' lang='grc' dir='ltr'><strong><em>οὐδὲν</em></strong></span> <span class='ocrx_word' id='word_1_154' title='bbox 823 2150 918 2239; x_wconf 80' lang='grc' dir='ltr'><strong><em>εἶχεν.</em></strong></span> <span class='ocrx_word' id='word_1_155' title='bbox 956 2154 1085 2238; x_wconf 81' lang='grc' dir='ltr'><strong><em>ἐγένετο</em></strong></span> 
     </span>
     <span class='ocr_line' id='line_1_20' title="bbox 68 2258 1087 2345; baseline 0.001 -19"><span class='ocrx_word' id='word_1_156' title='bbox 68 2258 109 2326; x_wconf 75' lang='grc' dir='ltr'><strong><em>δέ</em></strong></span> <span class='ocrx_word' id='word_1_157' title='bbox 132 2263 169 2326; x_wconf 91' lang='grc' dir='ltr'><strong><em>τὸ</em></strong></span> <span class='ocrx_word' id='word_1_158' title='bbox 193 2263 299 2344; x_wconf 80' lang='grc' dir='ltr'><strong><em>ὄνομα</em></strong></span> <span class='ocrx_word' id='word_1_159' title='bbox 323 2269 380 2344; x_wconf 87' lang='grc' dir='ltr'><strong><em>τῆς</em></strong></span> <span class='ocrx_word' id='word_1_160' title='bbox 398 2263 505 2344; x_wconf 84' lang='grc' dir='ltr'><strong><em>νήσου</em></strong></span> <span class='ocrx_word' id='word_1_161' title='bbox 525 2259 588 2325; x_wconf 89' lang='grc' dir='ltr'><strong><em>άπὸ</em></strong></span> <span class='ocrx_word' id='word_1_162' title='bbox 609 2261 670 2325; x_wconf 82' lang='grc' dir='ltr'><strong><em>ὑόο</em></strong></span> <span class='ocrx_word' id='word_1_163' title='bbox 689 2260 863 2345; x_wconf 78' lang='grc' dir='ltr'><strong><em>ὀνομάτων</em></strong></span> <span class='ocrx_word' id='word_1_164' title='bbox 882 2266 1087 2345; x_wconf 90' lang='grc' dir='ltr'><strong><em>συμπεπλεγ-</em></strong></span> 
     </span>
     <span class='ocr_line' id='line_1_21' title="bbox 68 2365 1141 2452; baseline 0.002 -20"><span class='ocrx_word' id='word_1_165' title='bbox 68 2365 182 2452; x_wconf 86' lang='grc' dir='ltr'><strong><em>μένων</em></strong></span> <span class='ocrx_word' id='word_1_166' title='bbox 205 2367 360 2450; x_wconf 87' lang='grc' dir='ltr'><strong><em>άλλῆλοις</em></strong></span> <span class='ocrx_word' id='word_1_167' title='bbox 383 2368 420 2432; x_wconf 78' lang='grc' dir='ltr'><strong><em>ἓν</em></strong></span> <span class='ocrx_word' id='word_1_168' title='bbox 444 2369 550 2447; x_wconf 86' lang='grc' dir='ltr'><strong><em>όνομα</em></strong></span> <span class='ocrx_word' id='word_1_169' title='bbox 574 2369 756 2450; x_wconf 86' lang='grc' dir='ltr'><strong><em>σύνθετον,</em></strong></span> <span class='ocrx_word' id='word_1_170' title='bbox 786 2368 866 2452; x_wconf 86' lang='grc' dir='ltr'><strong><em>ὅπερ</em></strong></span> <span class='ocrx_word' id='word_1_171' title='bbox 891 2368 927 2432; x_wconf 88' lang='grc' dir='ltr'><strong><em>οί</em></strong></span> <span class='ocrx_word' id='word_1_172' title='bbox 946 2372 1086 2433; x_wconf 81' lang='grc' dir='ltr'><strong><em>Λατῖνοι</em></strong></span> <span class='ocrx_word' id='word_1_173' title='bbox 1105 2385 1141 2434; x_wconf 81' lang='lat'><strong><em>20</em></strong></span> 
     </span>
     <span class='ocr_line' id='line_1_22' title="bbox 68 2472 1088 2559; baseline 0.001 -20"><span class='ocrx_word' id='word_1_174' title='bbox 68 2472 208 2558; x_wconf 90' lang='grc' dir='ltr'><strong><em>λέγουσι</em></strong></span> <span class='ocrx_word' id='word_1_175' title='bbox 234 2476 445 2558; x_wconf 90' lang='grc' dir='ltr'><strong><em>κομπόσιτον.</em></strong></span> <span class='ocrx_word' id='word_1_176' title='bbox 492 2473 555 2538; x_wconf 90' lang='grc' dir='ltr'><strong><em>άπὸ</em></strong></span> <span class='ocrx_word' id='word_1_177' title='bbox 584 2475 646 2559; x_wconf 85' lang='grc' dir='ltr'><strong><em>γάρ</em></strong></span> <span class='ocrx_word' id='word_1_178' title='bbox 673 2483 731 2557; x_wconf 90' lang='grc' dir='ltr'><strong><em>τῆς</em></strong></span> <span class='ocrx_word' id='word_1_179' title='bbox 759 2473 897 2559; x_wconf 87' lang='grc' dir='ltr'><strong><em>άντικρὺ</em></strong></span> <span class='ocrx_word' id='word_1_180' title='bbox 928 2483 989 2559; x_wconf 90' lang='grc' dir='ltr'><strong><em>γῆς</em></strong></span> <span class='ocrx_word' id='word_1_181' title='bbox 1016 2475 1088 2559; x_wconf 81' lang='grc' dir='ltr'><strong><em>ῆτις</em></strong></span> 
     </span>
     <span class='ocr_line' id='line_1_23' title="bbox 68 2578 1087 2667; baseline 0.001 -22"><span class='ocrx_word' id='word_1_182' title='bbox 68 2578 199 2663; x_wconf 86' lang='grc' dir='ltr'><strong><em>λέγεται</em></strong></span> <span class='ocrx_word' id='word_1_183' title='bbox 236 2578 349 2667; x_wconf 80' lang='grc' dir='ltr'><strong><em>Θρᾴκη</em></strong></span> <span class='ocrx_word' id='word_1_184' title='bbox 387 2578 442 2645; x_wconf 84' lang='grc' dir='ltr'><strong><em>καὶ</em></strong></span> <span class='ocrx_word' id='word_1_185' title='bbox 474 2581 639 2664; x_wconf 87' lang='grc' dir='ltr'><strong><em>Σάμωνος</em></strong></span> <span class='ocrx_word' id='word_1_186' title='bbox 676 2579 750 2658; x_wconf 83' lang='grc' dir='ltr'><strong><em>ἑνὸς</em></strong></span> <span class='ocrx_word' id='word_1_187' title='bbox 778 2578 959 2665; x_wconf 86' lang='grc' dir='ltr'><strong><em>Ἕλληνος,</em></strong></span> <span class='ocrx_word' id='word_1_188' title='bbox 998 2582 1087 2658; x_wconf 79' lang='grc' dir='ltr'><strong><em>ὅστις</em></strong></span> 
     </span>
     <span class='ocr_line' id='line_1_24' title="bbox 68 2683 1087 2771; baseline 0 -20"><span class='ocrx_word' id='word_1_189' title='bbox 68 2684 249 2771; x_wconf 84' lang='grc' dir='ltr'><strong><em>ὑπέμεινεν</em></strong></span> <span class='ocrx_word' id='word_1_190' title='bbox 268 2686 337 2751; x_wconf 79' lang='grc' dir='ltr'><strong><em>έκεί</em></strong></span> <span class='ocrx_word' id='word_1_191' title='bbox 354 2687 389 2752; x_wconf 84' lang='grc' dir='ltr'><strong><em>ἐκ</em></strong></span> <span class='ocrx_word' id='word_1_192' title='bbox 408 2695 468 2752; x_wconf 91' lang='grc' dir='ltr'><strong><em>τοῦ</em></strong></span> <span class='ocrx_word' id='word_1_193' title='bbox 488 2690 609 2752; x_wconf 88' lang='grc' dir='ltr'><strong><em>στόλου</em></strong></span> <span class='ocrx_word' id='word_1_194' title='bbox 627 2688 749 2752; x_wconf 86' lang='grc' dir='ltr'><strong><em>τούτου</em></strong></span> <span class='ocrx_word' id='word_1_195' title='bbox 768 2683 823 2752; x_wconf 80' lang='grc' dir='ltr'><strong><em>καὶ</em></strong></span> <span class='ocrx_word' id='word_1_196' title='bbox 842 2690 969 2752; x_wconf 83' lang='grc' dir='ltr'><strong><em>ἔκτισεν</em></strong></span> <span class='ocrx_word' id='word_1_197' title='bbox 988 2691 1087 2753; x_wconf 92' lang='grc' dir='ltr'><strong><em>πόλιν</em></strong></span> 
     </span>
     <span class='ocr_line' id='line_1_25' title="bbox 67 2789 1188 2889; baseline 0.001 -31"><span class='ocrx_word' id='word_1_198' title='bbox 67 2789 127 2858; x_wconf 81' lang='grc' dir='ltr'><strong><em>καλ</em></strong></span> <span class='ocrx_word' id='word_1_199' title='bbox 147 2797 271 2858; x_wconf 88' lang='grc' dir='ltr'><strong><em>οίκισεν</em></strong></span> <span class='ocrx_word' id='word_1_200' title='bbox 290 2795 327 2858; x_wconf 91' lang='grc' dir='ltr'><strong><em>τὸ</em></strong></span> <span class='ocrx_word' id='word_1_201' title='bbox 346 2795 466 2876; x_wconf 86' lang='grc' dir='ltr'><strong><em>νησίον</em></strong></span> <span class='ocrx_word' id='word_1_202' title='bbox 484 2790 538 2857; x_wconf 79' lang='grc' dir='ltr'><strong><em>καί</em></strong></span> <span class='ocrx_word' id='word_1_203' title='bbox 558 2793 749 2879; x_wconf 83' lang='grc' dir='ltr'><strong><em>ἐκυρίευσεν</em></strong></span> <span class='ocrx_word' id='word_1_204' title='bbox 768 2794 883 2878; x_wconf 87' lang='grc' dir='ltr'><strong><em>αὐτοῦ,</em></strong></span> <span class='ocrx_word' id='word_1_205' title='bbox 903 2795 1086 2879; x_wconf 78' lang='grc' dir='ltr'><strong><em>ὠνομάσθη</em></strong></span> <span class='ocrx_word' id='word_1_206' title='bbox 1184 2880 1188 2889; x_wconf 29' lang='grc'>,</span> 
     </span>
     <span class='ocr_line' id='line_1_26' title="bbox 69 2895 1115 2988; baseline 0.002 -24"><span class='ocrx_word' id='word_1_207' title='bbox 69 2895 294 2986; x_wconf 86' lang='grc' dir='ltr'><strong><em>Σαμοθρᾴκη,</em></strong></span> <span class='ocrx_word' id='word_1_208' title='bbox 319 2898 407 2965; x_wconf 84' lang='grc' dir='ltr'><strong><em>τοῦτ’</em></strong></span> <span class='ocrx_word' id='word_1_209' title='bbox 426 2903 494 2964; x_wconf 80' lang='grc' dir='ltr'><strong><em>ἔστι</em></strong></span> <span class='ocrx_word' id='word_1_210' title='bbox 517 2909 578 2964; x_wconf 90' lang='grc' dir='ltr'><strong><em>τοῦ</em></strong></span> <span class='ocrx_word' id='word_1_211' title='bbox 602 2901 766 2984; x_wconf 87' lang='grc' dir='ltr'><strong><em>Σάμωνος</em></strong></span> <span class='ocrx_word' id='word_1_212' title='bbox 788 2901 808 2982; x_wconf 81' lang='grc' dir='ltr'><strong><em>ῆ</em></strong></span> <span class='ocrx_word' id='word_1_213' title='bbox 834 2898 957 2988; x_wconf 90' lang='grc' dir='ltr'><strong><em>Θρᾴκη.</em></strong></span> <span class='ocrx_word' id='word_1_214' title='bbox 991 2896 1088 2977; x_wconf 86' lang='grc' dir='ltr'><strong><em>οὗτος</em></strong></span> <span class='ocrx_word' id='word_1_215' title='bbox 1112 2931 1115 2939; x_wconf 73' lang='grc'><strong>’</strong></span> 
     </span>
     <span class='ocr_line' id='line_1_27' title="bbox 69 3000 1087 3090; baseline 0.001 -20"><span class='ocrx_word' id='word_1_216' title='bbox 69 3000 109 3070; x_wconf 72' lang='grc' dir='ltr'><strong><em>δὲ</em></strong></span> <span class='ocrx_word' id='word_1_217' title='bbox 134 3003 151 3068; x_wconf 92' lang='lat'>6</span> <span class='ocrx_word' id='word_1_218' title='bbox 172 3005 298 3088; x_wconf 90' lang='grc' dir='ltr'><strong><em>Σάμων</em></strong></span> <span class='ocrx_word' id='word_1_219' title='bbox 317 3005 464 3089; x_wconf 75' lang='grc' dir='ltr'><strong><em>ὑπῆρχεν</em></strong></span> <span class='ocrx_word' id='word_1_220' title='bbox 483 3006 556 3082; x_wconf 85' lang='grc' dir='ltr'><strong><em>υίὸς</em></strong></span> <span class='ocrx_word' id='word_1_221' title='bbox 574 3014 634 3070; x_wconf 92' lang='grc' dir='ltr'><strong><em>τοῦ</em></strong></span> <span class='ocrx_word' id='word_1_222' title='bbox 653 3012 737 3071; x_wconf 86' lang='grc' dir='ltr'><strong><em>θεοῦ</em></strong></span> <span class='ocrx_word' id='word_1_223' title='bbox 756 3016 816 3071; x_wconf 92' lang='grc' dir='ltr'><strong><em>τοῦ</em></strong></span> <span class='ocrx_word' id='word_1_224' title='bbox 831 3005 953 3090; x_wconf 86' lang='grc' dir='ltr'><strong><em>Ἑρμοῦ</em></strong></span> <span class='ocrx_word' id='word_1_225' title='bbox 973 3008 1087 3072; x_wconf 86' lang='grc' dir='ltr'><strong><em>όντινα</em></strong></span> 
     </span>
     <span class='ocr_line' id='line_1_28' title="bbox 69 3110 1088 3198; baseline 0 -21"><span class='ocrx_word' id='word_1_226' title='bbox 69 3112 108 3177; x_wconf 85' lang='grc' dir='ltr'><strong><em>οί</em></strong></span> <span class='ocrx_word' id='word_1_227' title='bbox 137 3114 277 3176; x_wconf 75' lang='grc' dir='ltr'><strong><em>Λατῖνοι</em></strong></span> <span class='ocrx_word' id='word_1_228' title='bbox 309 3110 444 3194; x_wconf 90' lang='grc' dir='ltr'><strong><em>λέγουσι</em></strong></span> <span class='ocrx_word' id='word_1_229' title='bbox 477 3113 701 3197; x_wconf 88' lang='grc' dir='ltr'><strong><em>Μερκούριον.</em></strong></span> <span class='ocrx_word' id='word_1_230' title='bbox 751 3115 820 3177; x_wconf 80' lang='grc' dir='ltr'><strong><em>ἔστι</em></strong></span> <span class='ocrx_word' id='word_1_231' title='bbox 853 3110 890 3178; x_wconf 75' lang='grc' dir='ltr'><strong><em>δέ</em></strong></span> <span class='ocrx_word' id='word_1_232' title='bbox 924 3113 941 3179; x_wconf 93' lang='lat'>6</span> <span class='ocrx_word' id='word_1_233' title='bbox 970 3111 1088 3198; x_wconf 81' lang='grc' dir='ltr'><strong><em>Ἑρμῆς</em></strong></span> 
     </span>
     <span class='ocr_line' id='line_1_29' title="bbox 71 3213 1088 3307; baseline 0.001 -25"><span class='ocrx_word' id='word_1_234' title='bbox 71 3213 172 3294; x_wconf 86' lang='grc' dir='ltr'><strong><em>οὗτος</em></strong></span> <span class='ocrx_word' id='word_1_235' title='bbox 200 3215 254 3282; x_wconf 83' lang='grc' dir='ltr'><strong><em>καὶ</em></strong></span> <span class='ocrx_word' id='word_1_236' title='bbox 283 3217 386 3301; x_wconf 83' lang='grc' dir='ltr'><strong><em>άστῆρ</em></strong></span> <span class='ocrx_word' id='word_1_237' title='bbox 415 3218 451 3282; x_wconf 88' lang='grc' dir='ltr'><strong><em>έν</em></strong></span> <span class='ocrx_word' id='word_1_238' title='bbox 479 3226 524 3307; x_wconf 75' lang='grc' dir='ltr'><strong><em>τῷ</em></strong></span> <span class='ocrx_word' id='word_1_239' title='bbox 553 3218 686 3306; x_wconf 76' lang='grc' dir='ltr'><strong><em>οὐρανῷ</em></strong></span> <span class='ocrx_word' id='word_1_240' title='bbox 719 3221 833 3296; x_wconf 87' lang='grc' dir='ltr'><strong><em>καθὼς</em></strong></span> <span class='ocrx_word' id='word_1_241' title='bbox 864 3218 919 3284; x_wconf 81' lang='grc' dir='ltr'><strong><em>καὶ</em></strong></span> <span class='ocrx_word' id='word_1_242' title='bbox 953 3219 969 3284; x_wconf 93' lang='lat'>6</span> <span class='ocrx_word' id='word_1_243' title='bbox 1004 3222 1088 3295; x_wconf 86' lang='grc' dir='ltr'><strong><em>Ζεὺς</em></strong></span> 
     </span>
     <span class='ocr_line' id='line_1_30' title="bbox 68 3322 1088 3408; baseline 0 -18"><span class='ocrx_word' id='word_1_244' title='bbox 68 3327 131 3390; x_wconf 91' lang='grc' dir='ltr'><strong><em>καί</em></strong></span> <span class='ocrx_word' id='word_1_245' title='bbox 151 3323 220 3389; x_wconf 84' lang='grc' dir='ltr'><strong><em>ἐστι</em></strong></span> <span class='ocrx_word' id='word_1_246' title='bbox 243 3322 298 3388; x_wconf 85' lang='grc' dir='ltr'><strong><em>καὶ</em></strong></span> <span class='ocrx_word' id='word_1_247' title='bbox 321 3326 401 3401; x_wconf 86' lang='grc' dir='ltr'><strong><em>θεὸς</em></strong></span> <span class='ocrx_word' id='word_1_248' title='bbox 424 3326 550 3407; x_wconf 78' lang='grc' dir='ltr'><strong><em>ῦευὺῆς</em></strong></span> <span class='ocrx_word' id='word_1_249' title='bbox 573 3323 627 3390; x_wconf 79' lang='grc' dir='ltr'><strong><em>καί</em></strong></span> <span class='ocrx_word' id='word_1_250' title='bbox 654 3324 881 3403; x_wconf 88' lang='grc' dir='ltr'><strong><em>άνυπόστατος</em></strong></span> <span class='ocrx_word' id='word_1_251' title='bbox 910 3325 1088 3408; x_wconf 88' lang='grc' dir='ltr'><strong><em>ἑλληνικός.</em></strong></span> 
     </span>
    </p>
   </div>
   <div class='ocr_carea' id='block_1_3' title="bbox 145 3553 388 3624">
    <p class='ocr_par' dir='ltr' id='par_1_3' title="bbox 145 3553 388 3624">
     <span class='ocr_line' id='line_1_31' title="bbox 145 3553 388 3624; baseline 0.012 -18"><span class='ocrx_word' id='word_1_252' title='bbox 145 3558 161 3606; x_wconf 82' lang='grc' dir='ltr'>ὅ</span> <span class='ocrx_word' id='word_1_253' title='bbox 180 3554 338 3624; x_wconf 84' lang='grc' dir='ltr'><strong><em>μαρωνείας</em></strong></span> <span class='ocrx_word' id='word_1_254' title='bbox 357 3553 388 3609; x_wconf 92' lang='lat' dir='ltr'><strong><em>V.</em></strong></span> 
     </span>
    </p>
   </div>
   <div class='ocr_carea' id='block_1_4' title="bbox 0 0 1218 3826">
    <p class='ocr_par' dir='ltr' id='par_1_4' title="bbox 0 0 1218 3826">
     <span class='ocr_line' id='line_1_32' title="bbox 0 0 1218 3826; baseline 0 0"><span class='ocrx_word' id='word_1_255' title='bbox 0 0 1218 3826; x_wconf 95' lang='lat' dir='ltr'><strong><em> </em></strong></span> 
     </span>
    </p>
   </div>
  </div>
 </body>
</html>
