<?xml version="1.0" encoding="UTF-8"?>
<!DOCTYPE html PUBLIC "-//W3C//DTD XHTML 1.0 Transitional//EN"
    "http://www.w3.org/TR/xhtml1/DTD/xhtml1-transitional.dtd">
<html xmlns="http://www.w3.org/1999/xhtml" xml:lang="en" lang="en">
 <head>
  <title>
</title>
<meta http-equiv="Content-Type" content="text/html;charset=utf-8" />
  <meta name='ocr-system' content='tesseract 3.04.00' />
  <meta name='ocr-capabilities' content='ocr_page ocr_carea ocr_par ocr_line ocrx_word'/>
</head>
<body>
  <div class='ocr_page' id='page_1' title='image "./ioanniscanabutz00canagoog_0036.png"; bbox 0 0 2408 3826; ppageno 0'>
   <div class='ocr_carea' id='block_1_1' title="bbox 476 157 671 221">
    <p class='ocr_par' dir='ltr' id='par_1_1' title="bbox 476 157 671 221">
     <span class='ocr_line' id='line_1_1' title="bbox 476 157 671 221; baseline 0 -19"><span class='ocrx_word' id='word_1_1' title='bbox 476 157 671 221; x_wconf 66' lang='grc'><em>,9-</em></span> 
     </span>
    </p>
   </div>
   <div class='ocr_carea' id='block_1_2' title="bbox 61 282 1139 1249">
    <p class='ocr_par' dir='ltr' id='par_1_2' title="bbox 62 282 1139 613">
     <span class='ocr_line' id='line_1_2' title="bbox 62 282 1139 425; baseline -0.003 -43"><span class='ocrx_word' id='word_1_2' title='bbox 62 338 139 382; x_wconf 85' lang='grc' dir='ltr'><em>πων</em></span> <span class='ocrx_word' id='word_1_3' title='bbox 163 315 377 403; x_wconf 78' lang='grc' dir='ltr'><em>ἀκρωτηρίων</em></span> <span class='ocrx_word' id='word_1_4' title='bbox 401 339 437 381; x_wconf 88' lang='grc' dir='ltr'><em>τε</em></span> <span class='ocrx_word' id='word_1_5' title='bbox 455 313 509 379; x_wconf 78' lang='grc' dir='ltr'><em>καὶ</em></span> <span class='ocrx_word' id='word_1_6' title='bbox 528 313 672 400; x_wconf 79' lang='grc' dir='ltr'><em>λιμένων</em></span> <span class='ocrx_word' id='word_1_7' title='bbox 690 315 745 381; x_wconf 78' lang='grc' dir='ltr'><em>καὶ</em></span> <span class='ocrx_word' id='word_1_8' title='bbox 763 282 897 381; x_wconf 82' lang='grc' dir='ltr'><em>κάλπων</em></span> <span class='ocrx_word' id='word_1_9' title='bbox 920 321 998 425; x_wconf 55' lang='grc' dir='ltr'><em>’0ῗωῖ</em></span> <span class='ocrx_word' id='word_1_10' title='bbox 1011 309 1050 355; x_wconf 70' lang='lat'><em>”⁰²</em></span> <span class='ocrx_word' id='word_1_11' title='bbox 1064 309 1139 424; x_wconf 46' lang='lat' dir='ltr'><em>{nim-</em></span> 
     </span>
     <span class='ocr_line' id='line_1_3' title="bbox 62 395 1124 509; baseline -0.002 -21"><span class='ocrx_word' id='word_1_12' title='bbox 62 421 197 488; x_wconf 78' lang='grc' dir='ltr'><em>καὶτῶν</em></span> <span class='ocrx_word' id='word_1_13' title='bbox 210 423 385 505; x_wconf 81' lang='grc' dir='ltr'><em>τοιούτων,</em></span> <span class='ocrx_word' id='word_1_14' title='bbox 400 422 443 505; x_wconf 71' lang='grc' dir='ltr'><em>ἢν</em></span> <span class='ocrx_word' id='word_1_15' title='bbox 453 422 489 486; x_wconf 88' lang='grc' dir='ltr'><em>οί</em></span> <span class='ocrx_word' id='word_1_16' title='bbox 499 426 639 487; x_wconf 80' lang='grc' dir='ltr'><em>Λατῖνοι</em></span> <span class='ocrx_word' id='word_1_17' title='bbox 649 419 785 505; x_wconf 93' lang='grc' dir='ltr'><em>λέγουσι</em></span> <span class='ocrx_word' id='word_1_18' title='bbox 795 422 899 506; x_wconf 89' lang='grc' dir='ltr'><em>κάρτα</em></span> <span class='ocrx_word' id='word_1_19' title='bbox 956 395 1070 509; x_wconf 48' lang='lat' dir='ltr'><strong><em>’lema</em></strong></span> <span class='ocrx_word' id='word_1_20' title='bbox 1107 398 1124 424; x_wconf 54' lang='grc' dir='ltr'><em>ι’</em></span> 
     </span>
     <span class='ocr_line' id='line_1_4' title="bbox 62 525 1082 613; baseline -0.003 -19"><span class='ocrx_word' id='word_1_21' title='bbox 62 529 205 613; x_wconf 87' lang='grc' dir='ltr'><em>ναυογά,</em></span> <span class='ocrx_word' id='word_1_22' title='bbox 223 533 331 594; x_wconf 89' lang='grc' dir='ltr'><em>πόθεν</em></span> <span class='ocrx_word' id='word_1_23' title='bbox 346 527 465 612; x_wconf 78' lang='grc' dir='ltr'><em>ἐξῆλθε</em></span> <span class='ocrx_word' id='word_1_24' title='bbox 483 525 539 593; x_wconf 84' lang='grc' dir='ltr'><em>καὶ</em></span> <span class='ocrx_word' id='word_1_25' title='bbox 556 531 606 605; x_wconf 92' lang='grc' dir='ltr'><em>τίς</em></span> <span class='ocrx_word' id='word_1_26' title='bbox 625 529 759 611; x_wconf 76' lang='grc' dir='ltr'><em>ἰδιώτης</em></span> <span class='ocrx_word' id='word_1_27' title='bbox 776 528 961 611; x_wconf 82' lang='grc' dir='ltr'><em>κατέγραψε</em></span> <span class='ocrx_word' id='word_1_28' title='bbox 979 536 1082 592; x_wconf 90' lang='grc' dir='ltr'><em>ταῦτα</em></span> 
     </span>
    </p>

    <p class='ocr_par' dir='ltr' id='par_1_3' title="bbox 61 629 1138 1249">
     <span class='ocr_line' id='line_1_5' title="bbox 63 629 1082 721; baseline -0.004 -21"><span class='ocrx_word' id='word_1_29' title='bbox 63 637 96 700; x_wconf 89' lang='grc' dir='ltr'><em>εί</em></span> <span class='ocrx_word' id='word_1_30' title='bbox 117 636 161 721; x_wconf 79' lang='grc' dir='ltr'><em>μη</em></span> <span class='ocrx_word' id='word_1_31' title='bbox 186 636 222 701; x_wconf 86' lang='grc' dir='ltr'><em>οί</em></span> <span class='ocrx_word' id='word_1_32' title='bbox 240 633 378 701; x_wconf 82' lang='grc' dir='ltr'><em>παλαιοὶ</em></span> <span class='ocrx_word' id='word_1_33' title='bbox 401 634 593 720; x_wconf 80' lang='grc' dir='ltr'><em>γεωγράφοι</em></span> <span class='ocrx_word' id='word_1_34' title='bbox 615 658 650 700; x_wconf 92' lang='grc' dir='ltr'><em>τε</em></span> <span class='ocrx_word' id='word_1_35' title='bbox 668 632 724 699; x_wconf 81' lang='grc' dir='ltr'><em>καλ</em></span> <span class='ocrx_word' id='word_1_36' title='bbox 742 637 944 719; x_wconf 85' lang='grc' dir='ltr'><em>φιλόσοφοι;</em></span> <span class='ocrx_word' id='word_1_37' title='bbox 964 633 1026 715; x_wconf 81' lang='grc' dir='ltr'><em>τὴν</em></span> <span class='ocrx_word' id='word_1_38' title='bbox 1046 629 1082 697; x_wconf 70' lang='grc' dir='ltr'><em>δὲ</em></span> 
     </span>
     <span class='ocr_line' id='line_1_6' title="bbox 63 738 1082 826; baseline -0.004 -20"><span class='ocrx_word' id='word_1_39' title='bbox 63 741 211 826; x_wconf 89' lang='grc' dir='ltr'><em>δύναμιν</em></span> <span class='ocrx_word' id='word_1_40' title='bbox 229 749 288 825; x_wconf 82' lang='grc' dir='ltr'><em>της</em></span> <span class='ocrx_word' id='word_1_41' title='bbox 309 741 511 826; x_wconf 74' lang='grc' dir='ltr'><em>μαγνήτιδος</em></span> <span class='ocrx_word' id='word_1_42' title='bbox 529 743 642 822; x_wconf 89' lang='grc' dir='ltr'><em>λίθου,</em></span> <span class='ocrx_word' id='word_1_43' title='bbox 666 739 708 822; x_wconf 72' lang='grc' dir='ltr'><em>ἣν</em></span> <span class='ocrx_word' id='word_1_44' title='bbox 732 741 768 804; x_wconf 86' lang='grc' dir='ltr'><em>οί</em></span> <span class='ocrx_word' id='word_1_45' title='bbox 783 744 923 805; x_wconf 80' lang='grc' dir='ltr'><em>Λατῖνοι</em></span> <span class='ocrx_word' id='word_1_46' title='bbox 946 738 1082 821; x_wconf 89' lang='grc' dir='ltr'><em>λέγουσι</em></span> 
     </span>
     <span class='ocr_line' id='line_1_7' title="bbox 62 845 1082 933; baseline -0.002 -21"><span class='ocrx_word' id='word_1_47' title='bbox 62 850 375 933; x_wconf 86' lang='grc' dir='ltr'><em>πριαντεκαλαμίτα,</em></span> <span class='ocrx_word' id='word_1_48' title='bbox 399 849 449 923; x_wconf 95' lang='grc' dir='ltr'><em>τίς</em></span> <span class='ocrx_word' id='word_1_49' title='bbox 472 845 600 926; x_wconf 79' lang='grc' dir='ltr'><strong><em>ἐδίδαξε</em></strong></span> <span class='ocrx_word' id='word_1_50' title='bbox 622 848 702 923; x_wconf 88' lang='grc' dir='ltr'><em>τοὺς</em></span> <span class='ocrx_word' id='word_1_51' title='bbox 725 845 927 932; x_wconf 76' lang='grc' dir='ltr'><em>ἀνθρώπους</em></span> <span class='ocrx_word' id='word_1_52' title='bbox 949 846 1000 911; x_wconf 82' lang='grc' dir='ltr'><em>ὅτι</em></span> <span class='ocrx_word' id='word_1_53' title='bbox 1018 869 1082 928; x_wconf 84' lang='grc' dir='ltr'><em>φυ-</em></span> 
     </span>
     <span class='ocr_line' id='line_1_8' title="bbox 63 950 1117 1037; baseline -0.001 -20"><span class='ocrx_word' id='word_1_54' title='bbox 63 964 166 1031; x_wconf 85' lang='grc' dir='ltr'><em>σικώς</em></span> <span class='ocrx_word' id='word_1_55' title='bbox 197 953 283 1020; x_wconf 84' lang='grc' dir='ltr'><em>έλκει</em></span> <span class='ocrx_word' id='word_1_56' title='bbox 314 950 370 1018; x_wconf 84' lang='grc' dir='ltr'><em>καὶ</em></span> <span class='ocrx_word' id='word_1_57' title='bbox 402 953 497 1035; x_wconf 85' lang='grc' dir='ltr'><em>σύρει</em></span> <span class='ocrx_word' id='word_1_58' title='bbox 526 953 609 1037; x_wconf 86' lang='grc' dir='ltr'><em>πρὸς</em></span> <span class='ocrx_word' id='word_1_59' title='bbox 642 950 765 1036; x_wconf 82' lang='grc' dir='ltr'><em>έαυτην</em></span> <span class='ocrx_word' id='word_1_60' title='bbox 796 954 856 1017; x_wconf 90' lang='grc' dir='ltr'><em>τὸν</em></span> <span class='ocrx_word' id='word_1_61' title='bbox 884 951 1025 1036; x_wconf 94' lang='grc' dir='ltr'><em>σίδηρον</em></span> <span class='ocrx_word' id='word_1_62' title='bbox 1054 953 1117 1016; x_wconf 71' lang='grc' dir='ltr'><em>είι</em></span> 
     </span>
     <span class='ocr_line' id='line_1_9' title="bbox 62 1054 1110 1167; baseline -0.003 -43"><span class='ocrx_word' id='word_1_63' title='bbox 62 1061 108 1145; x_wconf 80' lang='grc' dir='ltr'><em>μὴ</em></span> <span class='ocrx_word' id='word_1_64' title='bbox 132 1059 150 1124; x_wconf 85' lang='grc' dir='ltr'>ὁ</span> <span class='ocrx_word' id='word_1_65' title='bbox 169 1059 297 1144; x_wconf 84' lang='grc' dir='ltr'><em>ὑψηλὸς</em></span> <span class='ocrx_word' id='word_1_66' title='bbox 318 1058 373 1124; x_wconf 80' lang='grc' dir='ltr'><em>καλ</em></span> <span class='ocrx_word' id='word_1_67' title='bbox 392 1061 578 1143; x_wconf 85' lang='grc' dir='ltr'><em>φιλόσοφος</em></span> <span class='ocrx_word' id='word_1_68' title='bbox 595 1061 768 1142; x_wconf 85' lang='grc' dir='ltr'><em>λογισμός;</em></span> <span class='ocrx_word' id='word_1_69' title='bbox 792 1061 838 1122; x_wconf 71' lang='grc' dir='ltr'><em>ἔτι</em></span> <span class='ocrx_word' id='word_1_70' title='bbox 858 1054 895 1121; x_wconf 70' lang='grc' dir='ltr'><em>δὲ</em></span> <span class='ocrx_word' id='word_1_71' title='bbox 946 1102 989 1149; x_wconf 34' lang='grc' dir='ltr'><em>χαι·</em></span> <span class='ocrx_word' id='word_1_72' title='bbox 1004 1106 1056 1167; x_wconf 45' lang='grc' dir='ltr'><em>περ,</em></span> <span class='ocrx_word' id='word_1_73' title='bbox 1070 1107 1110 1160; x_wconf 57' lang='lat'><em>1512</em></span> 
     </span>
     <span class='ocr_line' id='line_1_10' title="bbox 61 1161 1138 1249; baseline -0.004 -19"><span class='ocrx_word' id='word_1_74' title='bbox 61 1167 172 1231; x_wconf 87' lang='grc' dir='ltr'><em>πόθεν</em></span> <span class='ocrx_word' id='word_1_75' title='bbox 194 1167 418 1249; x_wconf 74' lang='grc' dir='ltr'><em>γινώσκουσιν</em></span> <span class='ocrx_word' id='word_1_76' title='bbox 442 1165 478 1228; x_wconf 86' lang='grc' dir='ltr'><em>οί</em></span> <span class='ocrx_word' id='word_1_77' title='bbox 497 1172 630 1247; x_wconf 87' lang='grc' dir='ltr'><em>ναῦται,</em></span> <span class='ocrx_word' id='word_1_78' title='bbox 655 1169 745 1249; x_wconf 86' lang='grc' dir='ltr'><em>είπερ</em></span> <span class='ocrx_word' id='word_1_79' title='bbox 769 1161 824 1228; x_wconf 82' lang='grc' dir='ltr'><em>καὶ</em></span> <span class='ocrx_word' id='word_1_80' title='bbox 847 1187 896 1246; x_wconf 95' lang='grc' dir='ltr'><em>γι-</em></span> <span class='ocrx_word' id='word_1_81' title='bbox 917 1172 1057 1232; x_wconf 73' lang='grc' dir='ltr'><em>μαγνήτιδος</em></span> <span class='ocrx_word' id='word_1_82' title='bbox 1065 1177 1138 1219; x_wconf 71' lang='grc' dir='ltr'><em>λίθου</em></span> 
     </span>
    </p>
   </div>
   <div class='ocr_carea' id='block_1_3' title="bbox 61 1244 1138 1362">
    <p class='ocr_par' dir='ltr' id='par_1_4' title="bbox 61 1244 1138 1362">
     <span class='ocr_line' id='line_1_11' title="bbox 61 1244 1138 1362; baseline 0.013 -26"><span class='ocrx_word' id='word_1_83' title='bbox 61 1271 247 1354; x_wconf 89' lang='grc' dir='ltr'><em>νώσκουσι,</em></span> <span class='ocrx_word' id='word_1_84' title='bbox 275 1271 326 1336; x_wconf 86' lang='grc' dir='ltr'><em>ὅτι</em></span> <span class='ocrx_word' id='word_1_85' title='bbox 352 1271 373 1354; x_wconf 79' lang='grc' dir='ltr'><em>ἡ</em></span> <span class='ocrx_word' id='word_1_86' title='bbox 397 1272 494 1346; x_wconf 82' lang='grc' dir='ltr'><em>λίθος</em></span> <span class='ocrx_word' id='word_1_87' title='bbox 517 1269 620 1353; x_wconf 83' lang='grc' dir='ltr'><em>αὕτη,</em></span> <span class='ocrx_word' id='word_1_88' title='bbox 647 1269 691 1352; x_wconf 79' lang='grc' dir='ltr'><em>ἣν</em></span> <span class='ocrx_word' id='word_1_89' title='bbox 719 1271 895 1355; x_wconf 78' lang='grc' dir='ltr'><em>εἰρήκαμεν</em></span> <span class='ocrx_word' id='word_1_90' title='bbox 918 1244 1138 1362; x_wconf 50' lang='grc' dir='ltr'><em>ᾗῖἰζὲζῖᾗδᾏῑαῖζές</em></span> 
     </span>
    </p>
   </div>
   <div class='ocr_carea' id='block_1_4' title="bbox 61 1373 1138 1887">
    <p class='ocr_par' dir='ltr' id='par_1_5' title="bbox 61 1373 1138 1887">
     <span class='ocr_line' id='line_1_12' title="bbox 61 1373 1138 1462; baseline 0.002 -20"><span class='ocrx_word' id='word_1_91' title='bbox 61 1377 83 1460; x_wconf 79' lang='grc' dir='ltr'><em>η</em></span> <span class='ocrx_word' id='word_1_92' title='bbox 104 1386 274 1462; x_wconf 79' lang='grc' dir='ltr'><em>μαγνῆτις,</em></span> <span class='ocrx_word' id='word_1_93' title='bbox 293 1379 360 1461; x_wconf 79' lang='grc' dir='ltr'><em>ἔχει</em></span> <span class='ocrx_word' id='word_1_94' title='bbox 378 1378 453 1441; x_wconf 89' lang='grc' dir='ltr'><em>τινά</em></span> <span class='ocrx_word' id='word_1_95' title='bbox 471 1379 588 1461; x_wconf 85' lang='grc' dir='ltr'><em>φιλίαν</em></span> <span class='ocrx_word' id='word_1_96' title='bbox 606 1373 662 1441; x_wconf 85' lang='grc' dir='ltr'><em>καὶ</em></span> <span class='ocrx_word' id='word_1_97' title='bbox 676 1376 897 1441; x_wconf 88' lang='grc' dir='ltr'><em>ἀντιπάθειαν</em></span> <span class='ocrx_word' id='word_1_98' title='bbox 919 1399 958 1433; x_wconf 73' lang='grc' dir='ltr'><em>ται</em></span> <span class='ocrx_word' id='word_1_99' title='bbox 976 1385 1006 1432; x_wconf 74' lang='grc' dir='ltr'><em>τὰ</em></span> <span class='ocrx_word' id='word_1_100' title='bbox 1024 1385 1138 1444; x_wconf 67' lang='grc' dir='ltr'><em>λυόμενα</em></span> 
     </span>
     <span class='ocr_line' id='line_1_13' title="bbox 63 1481 896 1572; baseline -0.002 -24"><span class='ocrx_word' id='word_1_101' title='bbox 63 1485 145 1567; x_wconf 78' lang='grc' dir='ltr'><em>μετὰ</em></span> <span class='ocrx_word' id='word_1_102' title='bbox 167 1492 228 1549; x_wconf 85' lang='grc' dir='ltr'><em>τοῦ</em></span> <span class='ocrx_word' id='word_1_103' title='bbox 251 1481 388 1572; x_wconf 79' lang='grc' dir='ltr'><em>ἀστέρος</em></span> <span class='ocrx_word' id='word_1_104' title='bbox 411 1482 541 1548; x_wconf 79' lang='grc' dir='ltr'><em>ἐκείνου</em></span> <span class='ocrx_word' id='word_1_105' title='bbox 559 1491 617 1566; x_wconf 78' lang='grc' dir='ltr'><em>τῆς</em></span> <span class='ocrx_word' id='word_1_106' title='bbox 635 1482 896 1567; x_wconf 87' lang='grc' dir='ltr'><em>τραμουντάνας,</em></span> 
     </span>
     <span class='ocr_line' id='line_1_14' title="bbox 62 1585 1081 1675; baseline -0.002 -22"><span class='ocrx_word' id='word_1_107' title='bbox 62 1586 120 1653; x_wconf 82' lang='grc' dir='ltr'><em>καὶ</em></span> <span class='ocrx_word' id='word_1_108' title='bbox 151 1592 406 1674; x_wconf 84' lang='grc' dir='ltr'><em>προσεγγίζουσι</em></span> <span class='ocrx_word' id='word_1_109' title='bbox 437 1589 562 1672; x_wconf 87' lang='grc' dir='ltr'><em>ταύτην</em></span> <span class='ocrx_word' id='word_1_110' title='bbox 593 1585 648 1652; x_wconf 76' lang='grc' dir='ltr'><em>καὶ</em></span> <span class='ocrx_word' id='word_1_111' title='bbox 678 1592 815 1652; x_wconf 85' lang='grc' dir='ltr'><em>κιλώσιν</em></span> <span class='ocrx_word' id='word_1_112' title='bbox 848 1595 893 1675; x_wconf 74' lang='grc' dir='ltr'><em>τῷ</em></span> <span class='ocrx_word' id='word_1_113' title='bbox 927 1587 1081 1652; x_wconf 84' lang='grc' dir='ltr'><em>ὑποκάτω</em></span> 
     </span>
     <span class='ocr_line' id='line_1_15' title="bbox 61 1686 1082 1780; baseline -0.004 -21"><span class='ocrx_word' id='word_1_114' title='bbox 61 1702 124 1759; x_wconf 89' lang='grc' dir='ltr'><em>τοῦ</em></span> <span class='ocrx_word' id='word_1_115' title='bbox 155 1698 294 1779; x_wconf 81' lang='grc' dir='ltr'><em>σημείου</em></span> <span class='ocrx_word' id='word_1_116' title='bbox 322 1707 379 1778; x_wconf 80' lang='grc' dir='ltr'><em>τῆς</em></span> <span class='ocrx_word' id='word_1_117' title='bbox 411 1694 663 1779; x_wconf 89' lang='grc' dir='ltr'><em>τραμουντάνας</em></span> <span class='ocrx_word' id='word_1_118' title='bbox 700 1692 737 1758; x_wconf 85' lang='grc' dir='ltr'><em>έν</em></span> <span class='ocrx_word' id='word_1_119' title='bbox 770 1700 816 1780; x_wconf 76' lang='grc' dir='ltr'><em>τῷ</em></span> <span class='ocrx_word' id='word_1_120' title='bbox 854 1686 933 1779; x_wconf 86' lang='grc' dir='ltr'><em>παρ’</em></span> <span class='ocrx_word' id='word_1_121' title='bbox 970 1692 1082 1768; x_wconf 81' lang='grc' dir='ltr'><em>αὐτοῖς</em></span> 
     </span>
     <span class='ocr_line' id='line_1_16' title="bbox 62 1798 1082 1887; baseline -0.003 -22"><span class='ocrx_word' id='word_1_122' title='bbox 62 1798 257 1887; x_wconf 79' lang='grc' dir='ltr'><em>καλουμένῳ</em></span> <span class='ocrx_word' id='word_1_123' title='bbox 286 1803 428 1887; x_wconf 78' lang='grc' dir='ltr'><em>βελονίῳ</em></span> <span class='ocrx_word' id='word_1_124' title='bbox 457 1801 612 1886; x_wconf 77' lang='grc' dir='ltr'><em>σιδηρίῳ,</em></span> <span class='ocrx_word' id='word_1_125' title='bbox 644 1799 729 1864; x_wconf 83' lang='grc' dir='ltr'><em>ὥστε</em></span> <span class='ocrx_word' id='word_1_126' title='bbox 751 1802 948 1884; x_wconf 75' lang='grc' dir='ltr'><em>μεταλαβεῖν</em></span> <span class='ocrx_word' id='word_1_127' title='bbox 971 1799 1009 1864; x_wconf 91' lang='grc' dir='ltr'><em>τὸ</em></span> <span class='ocrx_word' id='word_1_128' title='bbox 1034 1815 1082 1862; x_wconf 95' lang='grc' dir='ltr'><em>σι-</em></span> 
     </span>
    </p>
   </div>
   <div class='ocr_carea' id='block_1_5' title="bbox 978 1456 1078 1520">
    <p class='ocr_par' dir='ltr' id='par_1_6' title="bbox 978 1456 1078 1520">
     <span class='ocr_line' id='line_1_17' title="bbox 978 1456 1078 1520; baseline 0 -18"><span class='ocrx_word' id='word_1_129' title='bbox 978 1456 1078 1520; x_wconf 74' lang='grc' dir='ltr'><em>βελόνια.</em></span> 
     </span>
    </p>
   </div>
   <div class='ocr_carea' id='block_1_6' title="bbox 59 1903 1138 3262">
    <p class='ocr_par' dir='ltr' id='par_1_7' title="bbox 59 1903 1138 3262">
     <span class='ocr_line' id='line_1_18' title="bbox 64 1903 1082 1990; baseline -0.003 -19"><span class='ocrx_word' id='word_1_130' title='bbox 64 1908 185 1990; x_wconf 84' lang='grc' dir='ltr'><em>δηριον</em></span> <span class='ocrx_word' id='word_1_131' title='bbox 209 1907 354 1990; x_wconf 86' lang='grc' dir='ltr'><em>δύναμιν</em></span> <span class='ocrx_word' id='word_1_132' title='bbox 377 1906 439 1971; x_wconf 89' lang='grc' dir='ltr'><em>ἀπὸ</em></span> <span class='ocrx_word' id='word_1_133' title='bbox 463 1915 521 1990; x_wconf 77' lang='grc' dir='ltr'><em>τῆς</em></span> <span class='ocrx_word' id='word_1_134' title='bbox 543 1909 645 1972; x_wconf 93' lang='grc' dir='ltr'><em>λίθου</em></span> <span class='ocrx_word' id='word_1_135' title='bbox 668 1903 725 1971; x_wconf 83' lang='grc' dir='ltr'><em>καὶ</em></span> <span class='ocrx_word' id='word_1_136' title='bbox 753 1906 911 1970; x_wconf 78' lang='grc' dir='ltr'><em>ἵστασθαι</em></span> <span class='ocrx_word' id='word_1_137' title='bbox 934 1906 1082 1970; x_wconf 88' lang='grc' dir='ltr'><em>κατευθὺ</em></span> 
     </span>
     <span class='ocr_line' id='line_1_19' title="bbox 60 2009 1083 2100; baseline -0.003 -23"><span class='ocrx_word' id='word_1_138' title='bbox 60 2021 124 2077; x_wconf 85' lang='grc' dir='ltr'><em>τοῦ</em></span> <span class='ocrx_word' id='word_1_139' title='bbox 151 2011 367 2097; x_wconf 78' lang='grc' dir='ltr'><em>ἠγαπημένον</em></span> <span class='ocrx_word' id='word_1_140' title='bbox 396 2011 533 2099; x_wconf 92' lang='grc' dir='ltr'><em>ἀστέρος</em></span> <span class='ocrx_word' id='word_1_141' title='bbox 555 2020 595 2097; x_wconf 74' lang='grc' dir='ltr'><em>τῇ</em></span> <span class='ocrx_word' id='word_1_142' title='bbox 623 2015 726 2100; x_wconf 78' lang='grc' dir='ltr'><em>λίθω,</em></span> <span class='ocrx_word' id='word_1_143' title='bbox 758 2010 842 2095; x_wconf 92' lang='grc' dir='ltr'><em>λέγω</em></span> <span class='ocrx_word' id='word_1_144' title='bbox 868 2009 904 2076; x_wconf 70' lang='grc' dir='ltr'><em>δὲ</em></span> <span class='ocrx_word' id='word_1_145' title='bbox 927 2023 984 2094; x_wconf 80' lang='grc' dir='ltr'><em>της</em></span> <span class='ocrx_word' id='word_1_146' title='bbox 1005 2033 1083 2095; x_wconf 93' lang='grc' dir='ltr'><em>τρα-</em></span> 
     </span>
     <span class='ocr_line' id='line_1_20' title="bbox 61 2115 1082 2204; baseline -0.004 -20"><span class='ocrx_word' id='word_1_147' title='bbox 61 2119 262 2204; x_wconf 87' lang='grc' dir='ltr'><em>μουντάνας,</em></span> <span class='ocrx_word' id='word_1_148' title='bbox 282 2119 338 2183; x_wconf 80' lang='grc' dir='ltr'><em>ἵνα</em></span> <span class='ocrx_word' id='word_1_149' title='bbox 356 2119 400 2203; x_wconf 81' lang='grc' dir='ltr'><em>μὴ</em></span> <span class='ocrx_word' id='word_1_150' title='bbox 415 2123 606 2183; x_wconf 81' lang='grc' dir='ltr'><em>πλανῶνται</em></span> <span class='ocrx_word' id='word_1_151' title='bbox 625 2116 700 2204; x_wconf 77' lang='grc' dir='ltr'><em>περὶ</em></span> <span class='ocrx_word' id='word_1_152' title='bbox 714 2120 754 2184; x_wconf 88' lang='grc' dir='ltr'><em>τά</em></span> <span class='ocrx_word' id='word_1_153' title='bbox 768 2119 856 2183; x_wconf 85' lang='grc' dir='ltr'><em>κάτω</em></span> <span class='ocrx_word' id='word_1_154' title='bbox 871 2115 1082 2203; x_wconf 87' lang='grc' dir='ltr'><em>γεγραμμένα</em></span> 
     </span>
     <span class='ocr_line' id='line_1_21' title="bbox 62 2223 1136 2312; baseline -0.004 -22"><span class='ocrx_word' id='word_1_155' title='bbox 62 2236 183 2309; x_wconf 76' lang='grc' dir='ltr'><em>σημεῖα</em></span> <span class='ocrx_word' id='word_1_156' title='bbox 214 2236 282 2290; x_wconf 81' lang='grc' dir='ltr'><em>τῶν</em></span> <span class='ocrx_word' id='word_1_157' title='bbox 315 2224 447 2308; x_wconf 87' lang='grc' dir='ltr'><em>ἀνέμων</em></span> <span class='ocrx_word' id='word_1_158' title='bbox 478 2223 516 2289; x_wconf 85' lang='grc' dir='ltr'><em>έν</em></span> <span class='ocrx_word' id='word_1_159' title='bbox 552 2231 598 2312; x_wconf 73' lang='grc' dir='ltr'><em>τῷ</em></span> <span class='ocrx_word' id='word_1_160' title='bbox 627 2227 785 2310; x_wconf 81' lang='grc' dir='ltr'><em>βελονίῳ,</em></span> <span class='ocrx_word' id='word_1_161' title='bbox 819 2224 915 2288; x_wconf 85' lang='grc' dir='ltr'><em>ἀτιυα</em></span> <span class='ocrx_word' id='word_1_162' title='bbox 945 2223 1080 2306; x_wconf 84' lang='grc' dir='ltr'><em>βελόνιά</em></span> <span class='ocrx_word' id='word_1_163' title='bbox 1102 2238 1136 2287; x_wconf 82' lang='grc'><em>19</em></span> 
     </span>
     <span class='ocr_line' id='line_1_22' title="bbox 60 2328 1137 2420; baseline -0.006 -24"><span class='ocrx_word' id='word_1_164' title='bbox 60 2333 129 2396; x_wconf 86' lang='grc' dir='ltr'><em>είσι</em></span> <span class='ocrx_word' id='word_1_165' title='bbox 160 2341 218 2415; x_wconf 81' lang='grc' dir='ltr'><em>της</em></span> <span class='ocrx_word' id='word_1_166' title='bbox 246 2333 418 2407; x_wconf 91' lang='grc' dir='ltr'><em>ναυτιλίας</em></span> <span class='ocrx_word' id='word_1_167' title='bbox 451 2330 608 2407; x_wconf 87' lang='grc' dir='ltr'><em>σύστασις</em></span> <span class='ocrx_word' id='word_1_168' title='bbox 641 2328 697 2395; x_wconf 84' lang='grc' dir='ltr'><em>καὶ</em></span> <span class='ocrx_word' id='word_1_169' title='bbox 728 2328 897 2414; x_wconf 88' lang='grc' dir='ltr'><em>θεμέλιον.</em></span> <span class='ocrx_word' id='word_1_170' title='bbox 921 2357 964 2420; x_wconf 67' lang='lat' dir='ltr'><em>tss&#39;·</em></span> <span class='ocrx_word' id='word_1_171' title='bbox 978 2355 1014 2403; x_wconf 58' lang='lat' dir='ltr'><em>gu</em></span> <span class='ocrx_word' id='word_1_172' title='bbox 1029 2359 1137 2419; x_wconf 50' lang='grc' dir='ltr'><em>(χχιχ,</em></span> 
     </span>
     <span class='ocr_line' id='line_1_23' title="bbox 60 2426 1121 2523; baseline -0.004 -20"><span class='ocrx_word' id='word_1_173' title='bbox 60 2441 171 2503; x_wconf 89' lang='grc' dir='ltr'><em>πόθεν</em></span> <span class='ocrx_word' id='word_1_174' title='bbox 195 2432 257 2503; x_wconf 87' lang='grc' dir='ltr'><em>οὖν</em></span> <span class='ocrx_word' id='word_1_175' title='bbox 276 2439 375 2523; x_wconf 81' lang='grc' dir='ltr'><em>ἔχωσι</em></span> <span class='ocrx_word' id='word_1_176' title='bbox 393 2446 495 2502; x_wconf 86' lang='grc' dir='ltr'><em>ταῦτα</em></span> <span class='ocrx_word' id='word_1_177' title='bbox 514 2436 621 2502; x_wconf 82' lang='grc' dir='ltr'><em>πάντα</em></span> <span class='ocrx_word' id='word_1_178' title='bbox 640 2436 677 2501; x_wconf 85' lang='grc' dir='ltr'><em>οί</em></span> <span class='ocrx_word' id='word_1_179' title='bbox 691 2433 896 2522; x_wconf 85' lang='grc' dir='ltr'><em>χειροτέχναι</em></span> <span class='ocrx_word' id='word_1_180' title='bbox 920 2427 1019 2518; x_wconf 33' lang='lat' dir='ltr'><em>’&#39;cesta‘&#39;</em></span> <span class='ocrx_word' id='word_1_181' title='bbox 1031 2426 1061 2472; x_wconf 45' lang='grc' dir='ltr'><em>τὰ</em></span> <span class='ocrx_word' id='word_1_182' title='bbox 1078 2428 1121 2514; x_wconf 52' lang='grc' dir='ltr'><em>μδῖ</em></span> 
     </span>
     <span class='ocr_line' id='line_1_24' title="bbox 60 2513 1136 2628; baseline -0.002 -20"><span class='ocrx_word' id='word_1_183' title='bbox 60 2546 94 2609; x_wconf 88' lang='grc' dir='ltr'><em>εί</em></span> <span class='ocrx_word' id='word_1_184' title='bbox 116 2545 160 2628; x_wconf 81' lang='grc' dir='ltr'><em>μὴ</em></span> <span class='ocrx_word' id='word_1_185' title='bbox 184 2543 248 2608; x_wconf 88' lang='grc' dir='ltr'><em>ἀπὸ</em></span> <span class='ocrx_word' id='word_1_186' title='bbox 275 2551 333 2627; x_wconf 83' lang='grc' dir='ltr'><em>της</em></span> <span class='ocrx_word' id='word_1_187' title='bbox 361 2545 579 2628; x_wconf 81' lang='grc' dir='ltr'><em>φιλοσοφίας,</em></span> <span class='ocrx_word' id='word_1_188' title='bbox 605 2543 677 2627; x_wconf 68' lang='grc' dir='ltr'><em>ητις</em></span> <span class='ocrx_word' id='word_1_189' title='bbox 705 2540 774 2607; x_wconf 80' lang='grc' dir='ltr'><em>ἐστὶ</em></span> <span class='ocrx_word' id='word_1_190' title='bbox 796 2541 895 2626; x_wconf 88' lang='grc' dir='ltr'><em>τέχνη</em></span> <span class='ocrx_word' id='word_1_191' title='bbox 919 2514 1033 2623; x_wconf 47' lang='grc' dir='ltr'><em>Ϊογιῖῡζῗ</em></span> <span class='ocrx_word' id='word_1_192' title='bbox 1047 2513 1136 2622; x_wconf 49' lang='grc' dir='ltr'><em>ἲςξνοίῖ</em></span> 
     </span>
     <span class='ocr_line' id='line_1_25' title="bbox 60 2637 1138 2735; baseline -0.003 -20"><span class='ocrx_word' id='word_1_193' title='bbox 60 2659 190 2735; x_wconf 80' lang='grc' dir='ltr'><em>τεχνῶν</em></span> <span class='ocrx_word' id='word_1_194' title='bbox 220 2647 276 2714; x_wconf 83' lang='grc' dir='ltr'><em>καὶ</em></span> <span class='ocrx_word' id='word_1_195' title='bbox 308 2649 468 2734; x_wconf 81' lang='grc' dir='ltr'><em>έπιστημη</em></span> <span class='ocrx_word' id='word_1_196' title='bbox 502 2647 707 2732; x_wconf 82' lang='grc' dir='ltr'><em>έπιστημών;</em></span> <span class='ocrx_word' id='word_1_197' title='bbox 740 2647 800 2713; x_wconf 86' lang='grc' dir='ltr'><em>έάν</em></span> <span class='ocrx_word' id='word_1_198' title='bbox 832 2643 895 2714; x_wconf 82' lang='grc' dir='ltr'><em>οὖν</em></span> <span class='ocrx_word' id='word_1_199' title='bbox 918 2644 994 2729; x_wconf 51' lang='grc' dir='ltr'><em>ίξῖῑίας</em></span> <span class='ocrx_word' id='word_1_200' title='bbox 1024 2641 1063 2725; x_wconf 58' lang='lat'><em>“5²²</em></span> <span class='ocrx_word' id='word_1_201' title='bbox 1095 2637 1138 2692; x_wconf 45' lang='grc' dir='ltr'><em>τὰς</em></span> 
     </span>
     <span class='ocr_line' id='line_1_26' title="bbox 61 2712 1137 2842; baseline -0.002 -21"><span class='ocrx_word' id='word_1_202' title='bbox 61 2756 212 2842; x_wconf 82' lang='grc' dir='ltr'><em>ἐρωτηση</em></span> <span class='ocrx_word' id='word_1_203' title='bbox 236 2774 298 2832; x_wconf 92' lang='grc' dir='ltr'><em>τις·</em></span> <span class='ocrx_word' id='word_1_204' title='bbox 331 2758 439 2821; x_wconf 88' lang='grc' dir='ltr'><em>πόθεν</em></span> <span class='ocrx_word' id='word_1_205' title='bbox 468 2755 571 2839; x_wconf 80' lang='grc' dir='ltr'><em>δῆλον</em></span> <span class='ocrx_word' id='word_1_206' title='bbox 599 2754 650 2819; x_wconf 85' lang='grc' dir='ltr'><em>ὅτι</em></span> <span class='ocrx_word' id='word_1_207' title='bbox 673 2756 773 2837; x_wconf 86' lang='grc' dir='ltr'><em>έχωσι</em></span> <span class='ocrx_word' id='word_1_208' title='bbox 794 2763 897 2819; x_wconf 86' lang='grc' dir='ltr'><em>ταῦτα</em></span> <span class='ocrx_word' id='word_1_209' title='bbox 919 2712 995 2828; x_wconf 56' lang='grc' dir='ltr'><em>αρίάις</em></span> <span class='ocrx_word' id='word_1_210' title='bbox 1006 2723 1137 2840; x_wconf 58' lang='lat' dir='ltr'><em>:m-</em></span> 
     </span>
     <span class='ocr_line' id='line_1_27' title="bbox 62 2859 1073 2948; baseline -0.004 -21"><span class='ocrx_word' id='word_1_211' title='bbox 62 2863 153 2948; x_wconf 87' lang='grc' dir='ltr'><em>παρδι</em></span> <span class='ocrx_word' id='word_1_212' title='bbox 176 2871 244 2926; x_wconf 86' lang='grc' dir='ltr'><em>τών</em></span> <span class='ocrx_word' id='word_1_213' title='bbox 267 2865 466 2947; x_wconf 84' lang='grc' dir='ltr'><em>φιλοσόφων</em></span> <span class='ocrx_word' id='word_1_214' title='bbox 491 2862 526 2925; x_wconf 86' lang='grc' dir='ltr'><em>οί</em></span> <span class='ocrx_word' id='word_1_215' title='bbox 551 2862 742 2944; x_wconf 84' lang='grc' dir='ltr'><em>ἀνθρωποι,</em></span> <span class='ocrx_word' id='word_1_216' title='bbox 766 2859 900 2945; x_wconf 80' lang='grc' dir='ltr'><em>εὑρήσει</em></span> <span class='ocrx_word' id='word_1_217' title='bbox 986 2868 1073 2900; x_wconf 67' lang='lat'><em>‘&#39;²⁰⁹⁰‘-</em></span> 
     </span>
     <span class='ocr_line' id='line_1_28' title="bbox 59 2952 1086 3052; baseline -0.005 -18"><span class='ocrx_word' id='word_1_218' title='bbox 59 2977 161 3034; x_wconf 87' lang='grc' dir='ltr'><em>τοῦτο</em></span> <span class='ocrx_word' id='word_1_219' title='bbox 186 2967 291 3044; x_wconf 78' lang='grc' dir='ltr'><em>οὕτως</em></span> <span class='ocrx_word' id='word_1_220' title='bbox 314 2969 402 3052; x_wconf 85' lang='grc' dir='ltr'><em>έχον,</em></span> <span class='ocrx_word' id='word_1_221' title='bbox 427 2966 490 3031; x_wconf 87' lang='grc' dir='ltr'><em>ἀπὸ</em></span> <span class='ocrx_word' id='word_1_222' title='bbox 513 2975 570 3051; x_wconf 78' lang='grc' dir='ltr'><em>τῆς</em></span> <span class='ocrx_word' id='word_1_223' title='bbox 593 2964 800 3042; x_wconf 84' lang='grc' dir='ltr'><em>ἀποδείξεως.</em></span> <span class='ocrx_word' id='word_1_224' title='bbox 833 2963 892 3030; x_wconf 86' lang='grc' dir='ltr'><em>έάν</em></span> <span class='ocrx_word' id='word_1_225' title='bbox 914 2966 978 3051; x_wconf 81' lang='grc' dir='ltr'><em>γὰρ</em></span> <span class='ocrx_word' id='word_1_226' title='bbox 1002 2952 1086 3051; x_wconf 76' lang='grc' dir='ltr'><em>ἐρω-Ι</em></span> 
     </span>
     <span class='ocr_line' id='line_1_29' title="bbox 59 3071 1082 3160; baseline -0.003 -21"><span class='ocrx_word' id='word_1_227' title='bbox 59 3077 145 3160; x_wconf 81' lang='grc' dir='ltr'><em>τηση</em></span> <span class='ocrx_word' id='word_1_228' title='bbox 169 3076 248 3150; x_wconf 84' lang='grc' dir='ltr'><em>τοὺς</em></span> <span class='ocrx_word' id='word_1_229' title='bbox 276 3074 476 3157; x_wconf 77' lang='grc' dir='ltr'><em>οἰκοδόμους</em></span> <span class='ocrx_word' id='word_1_230' title='bbox 503 3074 577 3155; x_wconf 71' lang='grc' dir='ltr'><em>ἤτοι</em></span> <span class='ocrx_word' id='word_1_231' title='bbox 604 3074 683 3148; x_wconf 85' lang='grc' dir='ltr'><em>τοὺς</em></span> <span class='ocrx_word' id='word_1_232' title='bbox 706 3073 931 3156; x_wconf 82' lang='grc' dir='ltr'><em>λεπτουργοὺς</em></span> <span class='ocrx_word' id='word_1_233' title='bbox 958 3071 979 3155; x_wconf 73' lang='grc' dir='ltr'><em>ἢ</em></span> <span class='ocrx_word' id='word_1_234' title='bbox 1003 3074 1082 3148; x_wconf 88' lang='grc' dir='ltr'><em>τοὺς</em></span> 
     </span>
     <span class='ocr_line' id='line_1_30' title="bbox 61 3177 1081 3262; baseline -0.004 -17"><span class='ocrx_word' id='word_1_235' title='bbox 61 3178 197 3261; x_wconf 84' lang='grc' dir='ltr'><em>ξέοντας</em></span> <span class='ocrx_word' id='word_1_236' title='bbox 228 3182 307 3257; x_wconf 85' lang='grc' dir='ltr'><em>τοὺς</em></span> <span class='ocrx_word' id='word_1_237' title='bbox 338 3182 473 3262; x_wconf 90' lang='grc' dir='ltr'><em>λίθους,</em></span> <span class='ocrx_word' id='word_1_238' title='bbox 513 3179 569 3244; x_wconf 88' lang='grc' dir='ltr'><em>διά</em></span> <span class='ocrx_word' id='word_1_239' title='bbox 600 3181 675 3243; x_wconf 91' lang='grc' dir='ltr'><em>τίνα</em></span> <span class='ocrx_word' id='word_1_240' title='bbox 707 3179 817 3242; x_wconf 90' lang='grc' dir='ltr'><em>αίτίαν</em></span> <span class='ocrx_word' id='word_1_241' title='bbox 853 3179 890 3242; x_wconf 89' lang='grc' dir='ltr'><em>τὸ</em></span> <span class='ocrx_word' id='word_1_242' title='bbox 923 3177 1081 3260; x_wconf 90' lang='grc' dir='ltr'><em>γονάτιον</em></span> 
     </span>
    </p>
   </div>
   <div class='ocr_carea' id='block_1_7' title="bbox 59 3366 1081 3583">
    <p class='ocr_par' dir='ltr' id='par_1_8' title="bbox 59 3366 1081 3583">
     <span class='ocr_line' id='line_1_31' title="bbox 135 3366 1081 3442; baseline -0.005 -16"><span class='ocrx_word' id='word_1_243' title='bbox 135 3371 347 3442; x_wconf 81' lang='grc' dir='ltr'><em>δμαγνήτηδος</em></span> <span class='ocrx_word' id='word_1_244' title='bbox 364 3372 422 3426; x_wconf 89' lang='lat' dir='ltr'><em>VT.</em></span> <span class='ocrx_word' id='word_1_245' title='bbox 480 3377 512 3425; x_wconf 87' lang='lat'><em>13</em></span> <span class='ocrx_word' id='word_1_246' title='bbox 532 3374 660 3425; x_wconf 85' lang='grc' dir='ltr'><em>κιλλῶσιν</em></span> <span class='ocrx_word' id='word_1_247' title='bbox 678 3369 712 3425; x_wconf 90' lang='lat' dir='ltr'><em>V.</em></span> <span class='ocrx_word' id='word_1_248' title='bbox 770 3375 802 3424; x_wconf 87' lang='grc'><em>18</em></span> <span class='ocrx_word' id='word_1_249' title='bbox 826 3366 1081 3439; x_wconf 85' lang='grc' dir='ltr'><em>κατωγεγραμμένα</em></span> 
     </span>
     <span class='ocr_line' id='line_1_32' title="bbox 59 3437 1078 3513; baseline -0.004 -16"><span class='ocrx_word' id='word_1_250' title='bbox 59 3444 127 3501; x_wconf 79' lang='lat' dir='ltr'><strong>Vat.</strong></span> <span class='ocrx_word' id='word_1_251' title='bbox 152 3463 300 3513; x_wconf 84' lang='grc' dir='ltr'><em>καταγεγρ.</em></span> <span class='ocrx_word' id='word_1_252' title='bbox 319 3444 353 3498; x_wconf 90' lang='lat' dir='ltr'><em>V.</em></span> <span class='ocrx_word' id='word_1_253' title='bbox 408 3449 441 3496; x_wconf 79' lang='lat'><em>23</em></span> <span class='ocrx_word' id='word_1_254' title='bbox 463 3437 620 3512; x_wconf 74' lang='grc' dir='ltr'><em>ἐπιστημῶν</em></span> <span class='ocrx_word' id='word_1_255' title='bbox 638 3442 682 3496; x_wconf 84' lang='lat' dir='ltr'><em>bis</em></span> <span class='ocrx_word' id='word_1_256' title='bbox 701 3440 782 3510; x_wconf 79' lang='lat' dir='ltr'><strong>ponit</strong></span> <span class='ocrx_word' id='word_1_257' title='bbox 800 3440 864 3496; x_wconf 78' lang='lat' dir='ltr'>Vat.</span> <span class='ocrx_word' id='word_1_258' title='bbox 919 3445 953 3494; x_wconf 75' lang='grc' dir='ltr'><em>λθ</em></span> <span class='ocrx_word' id='word_1_259' title='bbox 975 3439 1078 3510; x_wconf 83' lang='grc' dir='ltr'><em>εὑρήση</em></span> 
     </span>
     <span class='ocr_line' id='line_1_33' title="bbox 60 3508 873 3583; baseline -0.004 -14"><span class='ocrx_word' id='word_1_260' title='bbox 60 3515 142 3571; x_wconf 83' lang='lat' dir='ltr'>codd.</span> <span class='ocrx_word' id='word_1_261' title='bbox 216 3522 251 3570; x_wconf 75' lang='lat'><em>26</em></span> <span class='ocrx_word' id='word_1_262' title='bbox 272 3513 345 3583; x_wconf 81' lang='grc' dir='ltr'><em>ἔχειν</em></span> <span class='ocrx_word' id='word_1_263' title='bbox 362 3515 393 3568; x_wconf 90' lang='lat' dir='ltr'><em>V.</em></span> <span class='ocrx_word' id='word_1_264' title='bbox 467 3520 500 3568; x_wconf 77' lang='lat'><em>27</em></span> <span class='ocrx_word' id='word_1_265' title='bbox 519 3533 561 3576; x_wconf 85' lang='grc' dir='ltr'><em>τις</em></span> <span class='ocrx_word' id='word_1_266' title='bbox 579 3529 630 3583; x_wconf 87' lang='lat' dir='ltr'><em>pro</em></span> <span class='ocrx_word' id='word_1_267' title='bbox 648 3513 714 3574; x_wconf 78' lang='grc' dir='ltr'><em>τοὺς</em></span> <span class='ocrx_word' id='word_1_268' title='bbox 733 3508 820 3565; x_wconf 90' lang='grc' dir='ltr'><em>οίκοδ.</em></span> <span class='ocrx_word' id='word_1_269' title='bbox 840 3511 873 3566; x_wconf 86' lang='lat' dir='ltr'><em>V.</em></span> 
     </span>
    </p>
   </div>
   <div class='ocr_carea' id='block_1_8' title="bbox 0 0 1208 3826">
    <p class='ocr_par' dir='ltr' id='par_1_9' title="bbox 0 0 1208 3826">
     <span class='ocr_line' id='line_1_34' title="bbox 0 0 1208 3826; baseline 0 0"><span class='ocrx_word' id='word_1_270' title='bbox 0 0 1208 3826; x_wconf 95' lang='lat' dir='ltr'><em> </em></span> 
     </span>
    </p>
   </div>
  </div>
 </body>
</html>
