2408 3826
471 187 690 251 ,43-

67 351 212 431 ἔβλεπον
235 347 418 429 ἄνθρωπόν
446 365 522 412 τινα
547 344 796 432 προτερημένον
815 346 906 425 ὅστις
928 375 991 429 τινες
1010 373 1065 428 τοὺς
1086 389 1143 440 τρι

67 449 159 538 εἶχεν
178 452 299 538 άρετην
317 475 393 517 τινα
412 450 580 537 ἐξαίρετον
598 451 618 535 ἢ
633 452 776 537 χάρισμα
791 450 904 537 μέγαν,
942 447 1130 562 ἔλξίμέίθέυςέν·

70 564 190 644 ἔλεγον
212 559 316 625 αὐτὸν
341 561 387 636 είς
409 559 507 644 τιμὴν
531 557 633 624 αὐτοῦ
653 557 708 623 καὶ
728 562 832 637 ζῶντα
849 557 904 624 καί
929 522 1144 653 zfflfflgs

70 666 290 732 ἀποθανόντα
312 666 405 751 ἥρωα
435 703 473 712 -
504 667 592 751 ἥρως
615 663 652 730 δὲ
676 663 805 750 λέγεται
828 666 845 730 6
870 664 903 744 ἔξ
949 660 1136 761 ’ἴσηνοαχέναΑ

70 772 224 857 ἡμισείας
246 773 327 849 θεὸς
353 809 390 820 -
415 770 471 837 καὶ
497 774 657 837 ἔπλαττον
685 772 736 838 ὅτι
762 794 813 850 τις
840 772 903 839 ἀπὸ
927 749 1142 794 mmmm*

68 889 140 944 τῶν
168 885 260 944 θεῶν
288 878 383 963 ἐμίγη
412 880 492 963 μετά
524 880 682 962 γυναικὸς
710 876 766 943 καὶ
793 879 949 964 ἔποίησεν
977 881 1089 947 αὐτόν.

71 987 194 1071 ὁμοίως
211 983 267 1051 καλ
285 987 344 1063 τάς
361 997 522 1068 γυναῖκας
540 987 597 1062 τάς
613 984 860 1071 προτερημένας
878 985 933 1052 καί
952 987 1091 1072 ἐχούσας

70 1094 149 1158 τινά
176 1093 296 1178 άρετὴν
324 1093 472 1177 μεγάλην
500 1092 642 1158 ἐκάλουν
669 1094 817 1176 νύμφας,
851 1093 894 1170 ὡς
921 1093 1003 1178 τάχα
1034 1095 1090 1160 διά

68 1201 134 1283 τὴν
156 1198 276 1284 άρετὴν
298 1198 480 1282 νικησάσας
506 1199 568 1282 την
592 1200 697 1283 φύσιν
718 1210 786 1265 τῶν
815 1207 952 1285 θνητῶν
975 1224 1090 1283 γυναι-

70 1316 141 1371 κῶν
168 1303 222 1370 καὶ
251 1305 420 1389 άναβάσας
447 1307 494 1382 είς
520 1305 582 1388 την
605 1306 699 1385 τάξιν
722 1304 777 1371 καὶ
804 1308 865 1390 τὴν
895 1308 999 1390 φύσιν
1021 1315 1090 1372 τῶν
1110 1314 1158 1373 10’

70 1422 217 1496 νυμφῶν
253 1409 374 1489 αἵτινές
408 1413 494 1476 είσιν
526 1411 690 1477 άθάνατοι
726 1410 782 1477 καὶ
819 1412 971 1498 δεύτεραι
1003 1415 1090 1478 θεαί.

71 1519 179 1595 οὕτως
211 1517 371 1602 ἐποίησαν
404 1517 439 1583 oc
464 1515 653 1601 Ἀθηναῖοι,
692 1518 772 1582 ὅταν
809 1540 907 1603 παρε-
930 1553 972 1606 χχ,
995 1552 1144 1608 mmm„

70 1624 187 1709 γένετο
212 1623 230 1690 6
253 1634 373 1708 ααῖσαρ
397 1626 444 1701 είς
467 1625 524 1701 τάς
547 1618 700 1707 Ἀθήνας.
747 1623 907 1708 ἐποίησαν
958 1623 981 1665 ⁰²
999 1619 1124 1735 Ἀθλνῗθι

70 1733 135 1817 γάρ
163 1732 370 1814 κατασκευὴν
397 1733 484 1796 ἔνθα
511 1733 646 1815 ἔμελλεν
675 1733 862 1815 διαβαίνειν
886 1731 904 1795 6
927 1703 1144 1825 τῖἕρνὶγχᾜέονῖᾍ

70 1848 192 1924 καίσαρ
211 1836 266 1903 καὶ
286 1841 443 1923 ἔρχεσθαι
463 1837 556 1914 ἔντὸς
580 1848 648 1903 τῶν
671 1835 826 1922 Ἀθηνῶν
848 1835 904 1903 καὶ
949 1829 991 1884 τὰς
1003 1831 1114 1890 Ἀθήνας’

71 1948 223 2029 ἔγραψαν
238 1944 347 2010 ἔπάνω
362 1953 420 2029 της
438 1953 641 2029 κατασκευης
661 1945 706 2022 ὡς
724 1944 788 2010 άπὸ
804 1947 965 2028 στόματος
979 1944 1089 2010 αὐτῶν

70 2053 155 2137 πρὸς
184 2054 244 2117 τὸν
272 2054 429 2137 ααίσαρα,
453 2052 513 2126 ,ὅτι
551 2049 604 2135 ἔφ’
636 2051 718 2117 ὅσον
752 2053 932 2135 ἄνθρωπος
960 2045 1004 2133 εἴ,
1038 2049 1091 2115 ίπλ

70 2167 236 2223 τοσοῦτον
256 2153 287 2222 εί
298 2160 387 2240 θεός,
407 2154 593 2223 τοῦτ’ἔστιν
608 2160 655 2234 είς
669 2158 751 2222 ὅσον
764 2169 855 2234 νοεῖς
869 2158 919 2222 ὅτι
934 2157 1091 2242 ὑπάρχεις

72 2264 255 2348 άνθρωπος
280 2265 335 2328 διά
357 2265 419 2347 τὴν
443 2264 558 2348 φύσιν,
583 2266 629 2340 είς
651 2272 815 2329 τοσοῦτον
835 2263 992 2349 ὑπάρχεις
1010 2264 1091 2339 θεὸς
1142 2295 1147 2306 =

72 2371 130 2435 διὰ
152 2372 193 2435 τά
217 2373 305 2456 ἔργα.
353 2371 458 2447 οὕτως
486 2365 548 2435 οὖν
576 2368 631 2435 καὶ
658 2369 678 2453 ἡ
709 2372 815 2455 μήτηρ
842 2378 903 2435 τοῦ
925 2369 1091 2454 Σάμωνος
1110 2387 1145 2436 20

71 2475 211 2561 ἡῬηνη
240 2478 394 2560 φαίνεται
425 2477 476 2542 ὅτι
503 2477 628 2562 ὑπῆρχε
655 2475 883 2562 προτερημένη
911 2473 967 2542 καὶ
990 2491 1090 2542 σιτου-

73 2583 153 2648 ὃαία
180 2583 266 2666 γυνη
300 2582 355 2648 καὶ
383 2584 439 2648 διὰ
467 2585 528 2667 τὴν
552 2583 673 2668 ἀρετὴν
700 2583 802 2668 αὐτῆς
829 2584 1036 2667 μυθεύονται
1059 2582 1096 2648 οί

63 2688 226 2774 Ἕλληνες
257 2688 312 2755 καὶ
345 2689 529 2773 άνάγουσιν
562 2690 666 2774 αὐτὴν
705 2693 752 2767 είς
787 2688 880 2769 τάξιν
911 2700 979 2755 τῶν
1010 2683 1088 2775 παρ’

75 2797 189 2873 αὐτοῖς
211 2807 363 2881 νυμφῶν.
410 2798 498 2874 ὅπως
521 2791 583 2862 οὖν
611 2799 677 2880 ἔχει
704 2797 741 2861 τὸ
765 2805 899 2881 πρᾶγμα
925 2796 1008 2861 κατά
1031 2795 1093 2879 τὴν

74 2904 236 2989 ίστορίαν,
261 2899 359 2980 οὗτος
383 2904 400 2970 6
425 2904 549 2987 Σάμων
580 2901 670 2968 ἔστὶν
694 2903 711 2967 6
737 2902 881 2986 οίκιστης
907 2899 962 2967 καὶ
986 2902 1003 2967 6
1028 2896 1089 2986 ἀφ’

74 3009 198 3075 ἑαυτοῦ
213 3011 380 3095 ὀνομάσας
398 3012 460 3094 τὴν
478 3019 584 3093 νῆσον
602 3007 843 3097 Σαμοθρᾴκην.
875 3011 911 3075 οί
930 3021 972 3067 ιδ’.
987 3020 1022 3067 ὅτι
1037 3021 1143 3108 οξἛλλν

73 3125 159 3199 γοῦν
174 3116 343 3200 Ἕλληνες,
367 3117 423 3181 ἵνα
446 3120 598 3202 ἔλθωμεν
624 3118 670 3193 είς
692 3118 751 3182 τὸν
775 3127 907 3200 πρῶτον
930 3094 1027 3216 ν’ςχαζοαὲ
1041 3094 1147 3221 (301χῖζέ

74 3225 177 3305 λόγον
185 3272 195 3307 ,
227 3224 262 3288 οί
291 3225 385 3300 ὄντες
417 3224 497 3307 μετά
528 3232 588 3288 τοῦ
621 3225 743 3289 στόλου
773 3226 819 3300 είς
847 3224 907 3306 τὴν
930 3235 1016 3299 χρόνον
1034 3233 1146 3293 ποιήσαν-

147 3416 377 3470 4άττοθανίοντα
391 3415 455 3470 vat.
511 3415 661 3485 5ἡμησίας
681 3413 800 3470 ἔπλατον
820 3416 900 3470 codd.
947 3422 981 3470 14
996 3414 1093 3487 ἔμελεν

74 3487 140 3542 Vah.
210 3491 243 3541 23
263 3486 312 3540 διὰ
335 3486 387 3555 τὴν
411 3486 513 3554 ἀρετὴν
538 3491 602 3540 ante
623 3485 776 3556 άνάχοοσιν
800 3485 952 3556 repetitum
970 3490 999 3542 et
1013 3490 1093 3542 uncis

74 3558 214 3613 inclusum
232 3558 296 3612 vat.
369 3565 412 3612 23.
431 3564 467 3612 24
485 3556 556 3630 παρ’
578 3558 664 3628 αὐτῆς
683 3560 765 3614 codd.
