2408 3826
501 175 718 241 ..45..

93 337 208 420 ὥσπερ
227 340 362 420 είπομεν
376 336 457 419 μετά
475 343 537 400 τοῦ
551 334 673 400 Ἰδαίου
693 343 753 399 τοῦ
772 335 850 401 υίοῦ
864 335 968 400 αὐτοῦ
982 334 1037 400 καὶ
1054 344 1116 401 τοῦ

95 449 219 508 λοιποῦ
229 446 312 506 λαοῦ
322 440 426 508 αὐτοῦ
437 439 693 527 διαπεραιωθεὶς
707 443 755 518 είς
764 441 825 524 τὴν
836 442 1001 526 άνατολὴν
1012 440 1117 528 εἰσέρ-

95 572 188 633 χεται
203 547 296 624 έντὸς
310 556 371 612 τοῦ
385 548 547 631 στόματος
561 556 621 613 τοῦ
637 556 757 612 στενοῦ
770 546 825 613 καὶ
840 545 1002 632 ἐξέρχεται
1016 551 1064 626 είς
1078 551 1116 614 ἓν

96 653 198 740 μέρος
221 664 279 739 τῆς
300 661 361 738 γῆς
382 662 443 718 τοῦ
458 652 711 736 Ἑλλησπόντου.
741 653 870 737 λέγεται
894 651 931 718 δὲ
967 685 1010 737 vg’.
1037 685 1090 747 ,ηρ
1113 688 1156 730 τοῦ

91 759 335 843 Ἑλλήσποντος
357 760 377 844 ἡ
402 758 465 826 άπὸ
494 768 552 844 τῆς
575 761 720 837 Κυζίκου
749 758 843 845 μέχρι
870 769 931 824 τοῦ
952 753 1122 870 ’ἔλληπὶόλξθυ
1135 758 1170 871 ’ἶὲ

96 867 186 931 κάτω
223 869 385 950 στόματος
421 874 482 931 τοῦ
519 874 640 930 στενοῦ
674 865 830 931 θάλασσα
866 865 931 930 άπὸ
966 838 1170 955 σέλωέαςκλῗηῗξα

97 973 214 1056 μύθου
236 972 256 1056 ἢ
281 973 428 1057 ίστορίας
450 972 622 1055 τοιαύτης·
642 969 790 1056 Ἀθάμας
808 994 857 1048 τις
875 974 933 1054 βα·
976 965 1147 1026 ἙᾹΝΜΜΝ·

96 1081 211 1155 σιλεὺς
237 1088 305 1144 τῶν
337 1081 460 1162 Θηβῶν
488 1072 553 1162 εἶχε
585 1087 728 1161 γυναῖκα
757 1076 1004 1162 ὀνομαζομένην
1031 1076 1114 1143 Ἰνώ.

97 1185 157 1249 διά
180 1185 432 1270 προστάγματος
454 1192 538 1267 γοῦν
561 1193 619 1269 τῆς
641 1191 723 1261 θεάς
746 1193 803 1267 τῆς
817 1182 923 1269 Ἥρας
943 1185 1061 1268 ἥντινα
1085 1185 1122 1251 oc

97 1295 243 1356 Λατῖνοι
271 1293 446 1376 Ζουνόνεμ
473 1295 628 1372 καλοῦσι,
657 1290 775 1375 άφίησι
803 1291 928 1374 ταύτην
955 1289 1010 1356 καὶ
1038 1297 1118 1376 λαμ·
1138 1307 1171 1356 10

99 1397 197 1481 βάνει
225 1399 330 1481 άλλην
362 1397 501 1483 ὀνόματι
528 1396 686 1480 Νεφέλην
717 1395 773 1462 καλ
806 1397 961 1481 ἐποίησεν
993 1397 1029 1463 έκ
1059 1407 1118 1484 τῆς

100 1502 257 1588 Νεφέλης
279 1505 356 1570 υίὸν
379 1503 439 1568 ἕνα
459 1504 596 1587 ὀνόματι
617 1503 743 1588 Φρίξον
766 1501 822 1568 καὶ
844 1503 1015 1590 θυγατέρα
1037 1508 1118 1590 μίαν

97 1609 239 1695 ὀνόματι
254 1607 386 1694 Ἕλλην.
427 1610 527 1675 πάλιν
546 1604 609 1674 οὗν
628 1610 645 1674 6
662 1603 809 1694 Ἀθάμας
823 1609 951 1694 έμίγετο
966 1623 1119 1696 κρυπτῶς

98 1717 182 1801 μετά
207 1725 265 1799 τῆς
289 1713 405 1793 Ἰνοῦς.
452 1717 532 1802 ὅπερ
566 1718 684 1781 ἰδοῦσα
716 1716 737 1800 ἡ
770 1715 906 1801 Νεφέλη
939 1715 996 1782 καὶ
1027 1721 1119 1801 ζηλο-

101 1825 277 1907 τυπησασα
301 1826 424 1906 ἔφυγεν
447 1828 672 1888 καταλιποῦσα
695 1824 774 1900 τοὺς
802 1823 903 1907 αὐτῆς
929 1825 1049 1900 παῖδας
1072 1826 1119 1901 είς

98 1932 160 1995 τὸν
185 1923 279 1994 οίκον
301 1938 361 1993 τοῦ
385 1928 509 2014 άνθρὸς
532 1929 633 2013 αὐτῆς
653 1926 868 2015 Ἀθάμαντος.
913 1938 1011 1995 τοῦτο
1035 1930 1119 1995 ἰδὼν

100 2035 120 2100 6
140 2032 288 2120 Ἀθάμας
307 2037 404 2119 ἔλαβε
422 2035 523 2100 πάλιν
541 2036 602 2118 τὴν
617 2031 691 2100 Ἰνὼ
711 2046 864 2121 φανερῶς
882 2037 929 2112 είς
946 2037 1005 2101 τὸν
1025 2031 1119 2101 οἷκον

101 2140 207 2207 αὐτοῦ
230 2141 274 2218 ὡς
301 2152 453 2225 γυναῖκα.
500 2140 697 2226 ἐπεβούλευε
724 2151 809 2225 γοῦν
836 2143 976 2207 πάντοτε
1003 2139 1118 2226 ἡἸνὼ

99 2249 180 2324 τοὺς
203 2249 392 2333 προγόνους
415 2247 516 2330 αὐτῆς
538 2249 598 2312 τὸν
624 2247 749 2334 Φρίξον
770 2245 826 2313 καὶ
844 2248 905 2330 τὴν
920 2247 1043 2331 Ἕλλην
1062 2247 1115 2313 καὶ

101 2353 206 2438 ἐζήτει
242 2356 367 2439 τρόπον
404 2354 448 2431 ῶς
485 2354 627 2440 μητρυιά
660 2363 722 2419 τοῦ
756 2361 951 2420 θανατῶσαι
988 2355 1118 2432 αὐτούς.
1138 2371 1172 2420 20

101 2465 203 2545 λιμοῦ
234 2457 271 2525 δὲ
297 2458 482 2545 γενομένου
510 2463 557 2538 είς
584 2462 624 2525 τά
653 2458 736 2546 μέρη
770 2461 879 2526 ἐκεῖνα
910 2463 1059 2545 ἔπεμψαν
1087 2463 1122 2526 οί

98 2563 276 2650 Ἀθηναῖοι
311 2565 466 2653 πρέσβεις
502 2569 550 2644 είς
580 2569 618 2631 τὸ
651 2577 809 2651 μαντεῖον
841 2567 896 2632 ἵνα
929 2567 1118 2652 ἐρωτήσωσι

102 2670 180 2758 περὶ
193 2681 254 2738 τοῦ
267 2678 367 2756 λιμοῦ
380 2674 510 2738 τούτου.
535 2674 674 2750 τούτους
691 2674 771 2751 τοὺς
790 2671 943 2759 πρέσβεις
957 2672 1120 2749 ἐλθόντας

103 2779 152 2855 είς
182 2780 242 2844 τὸν
273 2773 367 2844 οἶκον
397 2788 457 2844 τοῦ
486 2774 693 2863 Ἀθάμαντος
725 2780 971 2865 παρεσκεύασεν
999 2778 1021 2861 ἡ
1045 2775 1119 2843 Ἰνὼ

104 2886 185 2968 μετά
213 2885 331 2970 δώρων
358 2890 509 2969 πολλῶν,
533 2886 589 2950 ἵνα
613 2891 751 2950 είπωσιν
775 2886 854 2950 ὅταν
878 2882 1120 2970 ἐπιστρέψωσιν

103 2989 169 3056 άπὸ
192 3000 254 3056 τοῦ
277 2994 445 3075 μαντείου,
470 2993 520 3057 ὅτι
543 2992 601 3057 έάν
625 2994 669 3077 μὴ
689 2991 839 3076 σφάξωσι
857 2989 912 3057 καὶ
930 2992 1121 3056 θυσιάσωσι

104 3098 152 3174 είς
169 3100 248 3174 τοὺς
262 3100 365 3175 θεοὺς
382 3100 461 3174 τοὺς
479 3099 600 3175 παῖδας
618 3108 678 3164 τοῦ
694 3095 899 3182 Ἀθάμαντος
918 3099 977 3163 τὸν
995 3096 1121 3182 Φριῖον

102 3201 159 3269 καλ
195 3203 257 3288 τὴν
286 3201 409 3287 Ἕλλην
446 3204 463 3269 6
499 3206 594 3289 λιμὸς
632 3205 672 3269 οὐ
708 3208 915 3288 παυθησεται
953 3203 1016 3268 άπὸ
1053 3214 1121 3268 τῶν

103 3311 217 3374 τόπων
240 3309 386 3375 ἐκείνων.
433 3311 467 3376 οί
489 3307 525 3376 δὲ
544 3309 809 3396 ὑποστρέψαντες
832 3306 925 3376 εἷπον
949 3309 1062 3385 οὕτως.
1100 3310 1118 3375 6

178 3472 192 3520 1
213 3467 335 3537 εἴπωμεν
353 3465 418 3521 vat.
545 3474 560 3523 5
580 3467 594 3522 6
612 3486 663 3536 pro
687 3467 756 3537 ἡν.
884 3474 898 3522 7
917 3468 1032 3538 τοιαύτη
1055 3468 1119 3524 vat.

105 3543 141 3592 20
160 3537 271 3610 μητρύὰ
289 3537 355 3592 vat.
