2408 3826
448 206 690 261 -XXI-

155 357 352 441 Smaragdae
380 355 625 422 Ganabutzenae
654 350 865 442 (Zoopoiydo'
880 357 1075 440 Καναβούτ-

65 463 172 550 ζαινα)
188 467 295 529 exstat
314 463 455 546 epistula
469 461 552 529 Chio
569 463 608 527 ad
625 463 844 528 Theodosium
864 462 1073 550 Zygomalam

64 573 186 654 scripta
210 593 295 635 anno
321 570 408 635 1580
436 567 536 656 (apud
560 568 711 634 Orusium
734 569 888 655 Turoogr.
912 591 941 653 p.
965 569 1073 635 309-

64 675 156 763 311).
201 677 290 754 Quae
313 698 387 741 eum
410 675 522 740 affines
547 677 676 761 quidem
700 677 734 741 in
757 677 835 741 urbe
856 674 937 755 Chio
961 697 996 740 se
1018 677 1074 741 ha·

63 785 149 868 bere,
173 783 228 847 sed
253 783 468 869 alienigenam
492 804 561 847 esse
585 785 617 846 et
641 784 742 848 solam
763 779 875 869 (ξένην
897 780 951 847 καὶ
972 806 1073 866 μονα-

65 888 142 975 χήν)
178 887 320 954 affirmet
350 910 531 972 nomenque
558 887 640 953 illud
668 889 765 954 hodie
793 910 954 973 nusquam
983 911 1070 974 repe·

65 997 168 1061 riatur
195 996 258 1060 nisi
281 995 415 1078 Bolissi,
444 999 477 1060 et
500 996 604 1079 ipsam
627 993 755 1061 Bolisso
780 994 950 1061 oriundam
972 997 1073 1061 fuisse

65 1125 192 1168 summa
215 1124 289 1167 oum
312 1103 381 1166 veri
404 1102 509 1185 speeie
533 1103 652 1167 oonioit
675 1101 815 1167 Zolotas.

155 1209 280 1285 Quibus
311 1207 454 1273 familiae
485 1209 633 1295 vestigiis
661 1232 680 1273 a
712 1207 827 1274 Zolota
854 1209 1017 1294 indagatis
1047 1211 1074 1273 si

65 1315 213 1381 addimus
237 1315 466 1380 documentum
485 1315 578 1400 illud,
597 1314 683 1400 quod
706 1314 894 1381 ann01511
917 1315 1073 1398 seriptum

66 1425 116 1486 est
135 1418 250 1508 (praef.
264 1444 295 1506 p.
304 1419 393 1506 VH),
412 1426 543 1506 gentem
561 1419 821 1486 Canabutzarum
840 1422 880 1486 ab
900 1444 985 1487 anno
1005 1423 1071 1487 fere

65 1529 270 1610 octogesimo·
297 1532 373 1611 post
400 1527 533 1593 loannis
561 1526 710 1611 magistri
739 1531 879 1593 aetatem
907 1528 1073 1612 usquead

64 1636 179 1698 nostra
196 1638 343 1719 tempora
361 1634 395 1699 in
419 1634 526 1699 insula
544 1631 626 1699 chio
648 1632 814 1698 habitasse
834 1637 931 1718 atque
961 1634 1074 1698 etiam-

65 1762 150 1805 nuno
183 1746 309 1806 exstare
341 1740 643 1805 demonstravimus.
693 1737 837 1824 Cumque
872 1740 927 1824 qui
958 1746 1074 1824 postea

64 1852 175 1912 essent
197 1844 318 1912 Bolissi
342 1847 541 1912 domicilium
563 1845 716 1911 habuisse
739 1851 878 1932 constet,
909 1847 1017 1930 ipsum
1040 1848 1073 1912 in

64 1975 103 2019 eo
128 1953 246 2039 oppido
269 1952 436 2020 habitasse
460 1954 538 2018 lieet
561 1953 726 2036 suspicari.
