2408 3826
428 978 716 1058 Deau'otore.

136 1171 269 1237 Ioannis
297 1168 504 1238 Canabutzae
532 1173 680 1260 magistri
711 1177 902 1260 opusculum
932 1178 973 1243 ad
995 1171 1083 1262 prin·

69 1278 174 1361 oipem
197 1277 282 1344 Aeni
305 1283 338 1344 et
361 1277 591 1347 Samothraces
619 1281 838 1368 conscriptum
865 1284 1009 1352 nondum
1034 1289 1084 1350 est

69 1385 200 1451 editum.
246 1385 334 1462 Quae
358 1386 397 1450 de
420 1407 458 1451 eo
482 1391 562 1452 nota
585 1391 686 1472 erant,
708 1388 860 1454 redibant
878 1389 919 1454 ad
938 1411 976 1455 ea
999 1412 1082 1475 quae

67 1491 103 1556 in
129 1491 292 1557 veteribus
319 1491 590 1559 bibliothecarum
618 1493 883 1560 Vindobonensis
911 1499 944 1560 et
970 1495 1082 1560 Tauri-

68 1598 180 1662 nensis
213 1597 373 1684 catalogis
406 1599 607 1683 legebantur.
615 1596 639 1687 1)
685 1600 795 1685 ipsius
828 1625 904 1668 vero
936 1603 1084 1685 opusculi

69 1704 173 1769 adhuc
191 1704 274 1769 nihil
297 1703 387 1789 typis
411 1706 600 1771 mandatum
623 1711 674 1772 est
692 1707 755 1772 nisi
775 1708 976 1792 prooemium
997 1708 1082 1793 quod

68 1810 190 1895 legitur
226 1812 261 1876 in
293 1799 455 1898 catalogis
487 1812 554 1877 illis
591 1817 624 1878 et
661 1814 771 1898 capita
804 1811 962 1900 ιζ’-κζ’,
999 1835 1083 1898 quae

66 1917 107 1983 Α.
126 1917 232 1982 Maius
257 1917 366 2000 script.
388 1920 452 1982 vet.
474 1939 560 1983 nova
579 1919 727 1985 collectio
747 1919 780 1984 ΙΙ
802 1944 834 2005 p.
848 1938 1083 1986 xv1111-xxn1

67 2023 192 2107 publici
210 2023 291 2087 iuris
314 2022 401 2088 fecit.
446 2022 621 2089 Praeterea
644 2023 766 2090 Polites
788 2025 824 2088 in
847 2025 932 2090 libro
957 2025 1012 2110 qui
1035 2026 1083 2089 in-

68 2128 221 2193 scribitur
243 2125 358 2214 μελέτη
383 2126 436 2194 ἐπὶ
458 2137 519 2196 τοῦ
538 2131 615 2213 βίον
637 2139 705 2196 τῶν
724 2128 895 2218 νεωτέρων
914 2125 1082 2214 Ἑλλήνων

67 2236 166 2302 vol.I
194 2258 225 2321 p.
248 2234 292 2300 95
311 2257 357 2320 sq.
391 2236 570 2319 capitulum
602 2232 664 2301 vu'
703 2236 844 2302 auctoris
875 2236 982 2302 nostri
1018 2258 1082 2320 quo

68 2344 178 2429 agitur
201 2342 239 2407 de
257 2341 411 2425 nymphis
431 2341 605 2408 lectoribus
623 2344 804 2426 proposuit.
846 2342 892 2407 At
911 2342 1083 2407 consilium

68 2450 136 2514 eius
147 2447 261 2513 edendi
274 2447 341 2512 iam
355 2446 481 2531 pridem
500 2451 632 2532 captum
651 2452 710 2516 est.
728 2448 795 2515 Leo
811 2450 897 2514 enim
906 2445 1082 2534 Allatius2)

69 2573 283 2582 —-——.—

140 2640 166 2710 1)
184 2639 293 2708 Nessel‚
312 2637 396 2694 catal.
412 2639 480 2694 bibl.
494 2639 615 2694 Vindob.
632 2639 657 2693 V
675 2657 702 2708 p.
718 2643 771 2696 164
784 2657 824 2707 sq.
853 2638 998 2706 Collatiae,
1018 2657 1082 2708 sup-

66 2712 151 2782 plem.
175 2711 213 2766 ad
234 2709 379 2765 Lambeoii
404 2715 552 2765 comment.
577 2710 645 2768 bibl.
665 2709 785 2765 Vindob.
806 2710 832 2777 1,
853 2716 904 2764 503
919 2728 959 2779 sq.
996 2707 1082 2764 codd.

66 2800 132 2838 mss.
151 2781 222 2837 bibl.
246 2799 303 2852 rog.
328 2779 729 2851 Taurinonsis1749.p.316.
765 2781 788 2834 E
814 2779 951 2850 catalogis
975 2781 1082 2835 Vindo-

66 2852 237 2908 bonensibus
259 2852 398 2908 noverunt
426 2851 616 2907 Canabutzam
640 2851 762 2920 Lobeck,
785 2851 923 2921 Aglaoph.
942 2850 984 2920 11,
1005 2856 1081 2907 1204.

66 2923 176 2989 Malla,
195 2924 294 2992 fragm.
314 2923 379 2977 hist.
397 2938 490 2993 graec.
508 2923 556 2992 IV,
576 2927 640 2992 356,
659 2923 792 2992 Pashley‚
818 2923 923 2977 travels
947 2923 977 2977 in
1000 2923 1082 2977 Crete

66 2997 102 3064 ll,
120 2999 181 3064 215,
202 2996 231 3050 O.
246 2992 441 3062 Wachsmuth,
460 2994 510 3048 das
529 2993 586 3048 alte
602 2993 808 3049 Griechenland
826 2995 865 3047 im
879 3011 978 3061 neuen,
996 3012 1023 3063 p.
1039 2997 1081 3061 54,

67 3066 167 3120 Bernh.
188 3065 331 3133 Schmidt,
349 3063 519 3120 Volksleben
543 3065 593 3119 der
616 3063 930 3135 Neugrieobenl,100.
967 3063 1082 3119 Librum

67 3135 172 3191 Sathae
201 3133 381 3205 νεοελληνικὴ
405 3137 565 3204 φιλολογία,
595 3136 643 3204 qui
666 3155 693 3205 p.
719 3140 770 3191 110
794 3136 828 3189 de
856 3134 1017 3190 Canabutza
1042 3136 1082 3188 lo·

67 3208 172 3276 quitur,
190 3205 328 3276 inspicere
346 3223 402 3262 non
420 3207 512 3274 potui,
532 3206 582 3262 sed
601 3206 724 3262 breviter
742 3208 853 3261 tantum
869 3223 932 3260 eum
945 3205 1082 3273 perstrin-

65 3277 142 3334 xisse
160 3278 229 3332 mihi
249 3277 400 3333 affirmavit
419 3277 498 3347 Spyr.
516 3277 546 3332 P.
567 3277 702 3331 Lambros
721 3296 748 3333 a.
767 3279 801 3331 cl.

138 3351 165 3419 2)
194 3350 252 3404 Leo
284 3348 420 3419 Allatius,
458 3347 494 3402 de
526 3347 640 3418 templis
668 3347 847 3404 Graecorum
873 3346 1106 3403 necashaim.

65 3418 201 3476 librorum
219 3419 343 3476 nondum
362 3419 504 3477 editorum
523 3421 579 3479 No.
594 3419 704 3476 unul.
727 3420 767 3474 be
787 3431 933 3473 mansura.
944 3416 1128 3474 namnam*-

55 3508 85 3559 p.
101 3497 154 3544 239
172 3490 225 3560 (ed.
247 3493 276 3546 Β.
297 3491 438 3552 Nihusius
461 3493 566 3553 Colon.
586 3499 659 3568 Agr.
680 3494 782 3564 thibi.
